@article{GAY2009,
  author       = {GAY, SIMON J. and VASCONCELOS, VASCO T.},
  publisher    = {Cambridge University Press ({CUP})},
  url          = {https://doi.org/10.1017/s0956796809990268},
  date         = {2009-12},
  doi          = {10.1017/s0956796809990268},
  journaltitle = {Journal of Functional Programming},
  number       = {1},
  pages        = {19--50},
  title        = {Linear type theory for asynchronous session types},
  volume       = {20},
}

@inproceedings{DG18-Extended,
  author    = {Dardha, Ornela and Gay, Simon J.},
  booktitle = {21st International Conference on Foundations of Software Science and Computation Structures, {FoSSaCS}},
  date      = {2018},
  note      = {(Extended {V}ersion) \url{http://www.dcs.gla.ac.uk/~ornela/publications/DG18-Extended.pdf}},
  title     = {A {N}ew {L}inear {L}ogic for {D}eadlock-{F}ree {S}ession {T}yped {P}rocesses},
}

@book{Girard1989,
  author    = {Girard, Jean-Yves and Taylor, Paul and Lafont, Yves},
  location  = {New York, NY, USA},
  publisher = {Cambridge University Press},
  date      = {1989},
  isbn      = {0-521-37181-3},
  title     = {Proofs and Types},
}

@inproceedings{CP17,
  author    = {Caires, Lu{ı́}s and P{é}rez, Jorge A.},
  publisher = {Springer},
  url       = {https://doi.org/10.1007/978-3-662-54434-1_9},
  booktitle = {ESOP},
  date      = {2017},
  doi       = {10.1007/978-3-662-54434-1_9},
  pages     = {229--259},
  series    = {LNCS},
  title     = {Linearity, Control Effects, and Behavioral Types},
  volume    = {10201},
}

@inproceedings{CLMSW16,
  author    = {Carbone, Marco and Lindley, Sam and Montesi, Fabrizio and Sch{ü}rmann, Carsten and Wadler, Philip},
  publisher = {Schloss Dagstuhl---Leibniz-Zentrum für Informatik},
  url       = {https://doi.org/10.4230/LIPIcs.CONCUR.2016.33},
  booktitle = {CONCUR},
  date      = {2016},
  doi       = {10.4230/LIPIcs.CONCUR.2016.33},
  pages     = {33:1--33:15},
  series    = {LIPIcs},
  title     = {Coherence Generalises Duality: A Logical Explanation of Multiparty Session Types},
  volume    = {59},
}

@inproceedings{LindleyM15,
  author    = {Lindley, Sam and Morris, J. Garrett},
  url       = {https://doi.org/10.1007/978-3-662-46669-8_23},
  booktitle = {ESOP},
  date      = {2015},
  doi       = {10.1007/978-3-662-46669-8_23},
  pages     = {560--584},
  title     = {A Semantics for Propositions as Sessions},
}

@article{DBLP:journals/iandc/CostaS87,
  author       = {Costa, Gerardo and Stirling, Colin},
  date         = {1987},
  doi          = {10.1016/0890-5401(87)90013-7},
  journaltitle = {Inf. Comput.},
  number       = {3},
  pages        = {207--244},
  title        = {Weak and Strong Fairness in {CCS}},
  volume       = {73},
}

@inproceedings{CairesP10,
  author    = {Caires, Lu{ı́}s and Pfenning, Frank},
  publisher = {Springer},
  booktitle = {Proc. of {CONCUR} 2010},
  date      = {2010},
  doi       = {10.1007/978-3-642-15375-4\_16},
  pages     = {222--236},
  series    = {LNCS},
  title     = {Session Types as Intuitionistic Linear Propositions},
  volume    = {6269},
}

@inproceedings{ToninhoCP11,
  author    = {Toninho, Bernardo and Caires, Lu{ı́}s and Pfenning, Frank},
  publisher = {ACM},
  url       = {http://doi.acm.org/10.1145/2003476.2003499},
  booktitle = {PPDP},
  date      = {2011},
  doi       = {10.1145/2003476.2003499},
  pages     = {161--172},
  title     = {Dependent session types via intuitionistic linear type theory},
}

@book{Dardha16,
  author    = {Dardha, Ornela},
  publisher = {Springer / Atlantis Press},
  url       = {https://doi.org/10.2991/978-94-6239-204-5},
  date      = {2016},
  doi       = {10.2991/978-94-6239-204-5},
  isbn      = {978-94-6239-203-8},
  series    = {Atlantis Studies in Computing},
  title     = {Type Systems for Distributed Programs: Components and Sessions},
  volume    = {7},
}

@inproceedings{DBLP:conf/tgc/ToninhoCP14,
  author    = {Toninho, Bernardo and Caires, Lu{ı́}s and Pfenning, Frank},
  publisher = {Springer},
  booktitle = {Proc. of {TGC} 2014},
  date      = {2014},
  doi       = {10.1007/978-3-662-45917-1\_11},
  pages     = {159--175},
  series    = {LNCS},
  title     = {Corecursion and Non-divergence in Session-Typed Processes},
  volume    = {8902},
}

@proceedings{DBLP:conf/tgc/2014,
  editor    = {Maffei, Matteo and Tuosto, Emilio},
  publisher = {Springer},
  url       = {http://dx.doi.org/10.1007/978-3-662-45917-1},
  date      = {2014},
  doi       = {10.1007/978-3-662-45917-1},
  isbn      = {978-3-662-45916-4},
  series    = {LNCS},
  title     = {Trustworthy Global Computing - 9th International Symposium, {TGC} 2014, Rome, Italy, September 5-6, 2014. Revised Selected Papers},
  volume    = {8902},
}

@inproceedings{VieiraV13,
  author    = {Vieira, Hugo Torres and Vasconcelos, Vasco Thudichum},
  publisher = {Springer},
  booktitle = {COORDINATION},
  date      = {2013},
  doi       = {10.1007/978-3-642-38493-6\_17},
  pages     = {236--250},
  series    = {LNCS},
  title     = {Typing Progress in Communication-Centred Systems},
  volume    = {7890},
}

@proceedings{DBLP:conf/coordination/2013,
  editor    = {Nicola, Rocco De and Julien, Christine},
  publisher = {Springer},
  url       = {http://dx.doi.org/10.1007/978-3-642-38493-6},
  date      = {2013},
  doi       = {10.1007/978-3-642-38493-6},
  isbn      = {978-3-642-38492-9},
  series    = {LNCS},
  title     = {Coordination Models and Languages, 15th International Conference, {COORDINATION} 2013, Held as Part of the 8th International Federated Conference on Distributed Computing Techniques, DisCoTec 2013, Florence, Italy, June 3-5, 2013. Proceedings},
  volume    = {7890},
}

@misc{CairesCFest14,
  author       = {Caires, Luı́s},
  date         = {2014},
  howpublished = {In \emph{Essays for the Luca Cardelli Fest}---Microsoft Research Technical Report MSR-TR-2014-104},
  title        = {Types and Logic, Concurrency and Non-Determinism},
}

@proceedings{DBLP:conf/concur/2014,
  editor    = {Baldan, Paolo and Gorla, Daniele},
  publisher = {Springer},
  url       = {http://dx.doi.org/10.1007/978-3-662-44584-6},
  date      = {2014},
  doi       = {10.1007/978-3-662-44584-6},
  isbn      = {978-3-662-44583-9},
  series    = {LNCS},
  title     = {{CONCUR} 2014 - Concurrency Theory - 25th International Conference, {CONCUR} 2014, Rome, Italy, September 2-5, 2014. Proceedings},
  volume    = {8704},
}

@inproceedings{DBLP:conf/ecoopw/HondaT91,
  author    = {Honda, Kohei and Tokoro, Mario},
  booktitle = {Object-Based Concurrent Computing, ECOOP'91 Workshop, Proceedings},
  crossref  = {DBLP:conf/ecoopw/1991},
  date      = {1991},
  doi       = {10.1007/3-540-55613-3\_2},
  pages     = {21--51},
  title     = {On Asynchronous Communication Semantics},
}

@proceedings{DBLP:conf/ecoopw/1991,
  editor    = {Tokoro, Mario and Nierstrasz, Oscar and Wegner, Peter},
  publisher = {Springer},
  date      = {1992},
  isbn      = {3-540-55613-3},
  series    = {LNCS},
  title     = {Object-Based Concurrent Computing, ECOOP'91 Workshop, Geneva, Switzerland, July 15-16, 1991, Proceedings},
  volume    = {612},
}

@article{Corradini1998,
  author       = {Corradini, F. and Gorrieri, R. and Marchignoli, D.},
  language     = {eng},
  publisher    = {EDP Sciences},
  url          = {http://eudml.org/doc/92586},
  date         = {1998},
  journaltitle = {RAIRO - Theoretical Informatics and Applications - Informatique Théorique et Applications},
  number       = {4-6},
  pages        = {99--125},
  title        = {Towards parallelization of concurrent systems},
  volume       = {32},
}

@inproceedings{P14,
  author    = {Padovani, Luca},
  publisher = {ACM},
  url       = {http://hal.inria.fr/docs/00/93/33/44/PDF/main.pdf},
  booktitle = {CSL-LICS},
  date      = {2014},
  doi       = {10.1145/2603088.2603116},
  pages     = {72:1--72:10},
  title     = {{Deadlock and Lock Freedom in the Linear $\pi$-Calculus}},
}

@inproceedings{GR13,
  author    = {Giunti, Marco and Ravara, Ant{ó}nio},
  booktitle = {TGC},
  date      = {2013},
  pages     = {136--155},
  title     = {Towards Static Deadlock Resolution in the -Calculus},
}

@article{CairesPT12,
  author       = {Caires, Luı́s and Pfenning, Frank and Toninho, Bernardo},
  date         = {2014},
  doi          = {10.1017/S0960129514000218},
  journaltitle = {MSCS},
  title        = {Linear Logic Propositions as Session Types},
}

@inproceedings{DBLP:conf/icfp/Wadler12,
  author    = {Wadler, Philip},
  booktitle = {Proc. of {ICFP}'12},
  date      = {2012},
  doi       = {10.1145/2364527.2364568},
  pages     = {273--286},
  title     = {Propositions as sessions},
}

@article{Wadler15,
  author       = {Wadler, Philip},
  date         = {2015},
  journaltitle = {Communications of the {ACM}},
  number       = {12},
  pages        = {75--84},
  title        = {Propositions as types},
  volume       = {58},
}

@article{Gorla10,
  author       = {Gorla, Daniele},
  date         = {2010},
  doi          = {10.1016/j.ic.2010.05.002},
  journaltitle = {Inf. Comput.},
  number       = {9},
  pages        = {1031--1053},
  title        = {Towards a unified approach to encodability and separation results for process calculi},
  volume       = {208},
}

@inproceedings{DardhaP15,
  author    = {Dardha, Ornela and P{é}rez, Jorge A.},
  url       = {https://doi.org/10.4204/EPTCS.190.1},
  booktitle = {EXPRESS/SOS},
  date      = {2015},
  doi       = {10.4204/EPTCS.190.1},
  pages     = {1--15},
  series    = {EPTCS},
  title     = {Comparing Deadlock-Free Session Typed Processes},
  volume    = {190},
}

@misc{CDM14Ext,
  author = {Carbone, Marco and Dardha, Ornela and Montesi, Fabrizio},
  date   = {2014},
  note   = {\url{http://www.dcs.gla.ac.uk/~ornela/my_papers/CDM-Extended.pdf}},
  title  = {Progress as Compositional Lock-freedom},
  type   = {Online version.},
}

@misc{D14Ext,
  author = {Dardha, Ornela},
  date   = {2014},
  note   = {\url{http://www.dcs.gla.ac.uk/~ornela/my_papers/D14-Extended.pdf}},
  title  = {Recursive Session Types Revisited},
  type   = {Online version.},
}

@thesis{DardhaPhDThesis,
  author      = {Dardha, Ornela},
  institution = {University of Bologna},
  date        = {2014},
  note        = {\url{http://www.dcs.gla.ac.uk/~ornela/my_papers/DardhaPhDThesis.pdf}},
  title       = {Type Systems for Distributed Programs: Components and Sessions},
  type        = {phdthesis},
}

@misc{BDGK14,
  author       = {Bernardi, Giovanni and Dardha, Ornela and Gay, Simon J. and Kouzapas, Dimitrios},
  date         = {2014},
  howpublished = {To appear in Proc. of TGC},
  title        = {On duality relations for session types},
}

@misc{BDGK14Ext,
  author       = {Bernardi, Giovanni and Dardha, Ornela and Gay, Simon J. and Kouzapas, Dimitrios},
  date         = {2014},
  howpublished = {To appear in Proc. of TGC},
  note         = {\url{http://www.dcs.gla.ac.uk/~ornela/my_papers/BDGK14-Extended.pdf}},
  title        = {On duality relations for session types},
  type         = {Online version.},
}

@inproceedings{CDM14,
  author    = {Carbone, Marco and Dardha, Ornela and Montesi, Fabrizio},
  publisher = {Springer},
  booktitle = {COORDINATION},
  date      = {2014},
  doi       = {10.1007/978-3-662-43376-8\_4},
  pages     = {49--64},
  series    = {LNCS},
  title     = {Progress as Compositional Lock-Freedom},
  volume    = {8459},
}

@inproceedings{DGL13,
  author    = {Dardha, Ornela and Giachino, Elena and Lienhardt, Michael},
  booktitle = {SEFM},
  date      = {2013},
  pages     = {167--181},
  title     = {A Type System for Components},
}

@inproceedings{DGV13,
  author    = {Dardha, Ornela and Gorla, Daniele and Varacca, Daniele},
  booktitle = {FMOODS/FORTE},
  date      = {2013},
  pages     = {66--82},
  title     = {Semantic Subtyping for Objects and Classes},
}

@inproceedings{DGS12,
  author    = {Dardha, Ornela and Giachino, Elena and Sangiorgi, Davide},
  publisher = {ACM},
  booktitle = {PPDP},
  date      = {2012},
  doi       = {10.1145/2370776.2370794},
  pages     = {139--150},
  title     = {Session types revisited},
}

@proceedings{DBLP:conf/ppdp/2012,
  publisher = {ACM},
  url       = {http://dl.acm.org/citation.cfm?id=2370776},
  date      = {2012},
  isbn      = {978-1-4503-1522-7},
  title     = {Principles and Practice of Declarative Programming, PPDP'12, Leuven, Belgium - Sept. 19 - 21, 2012},
}

@inproceedings{D14,
  author    = {Dardha, Ornela},
  url       = {https://doi.org/10.4204/EPTCS.162.4},
  booktitle = {BEAT},
  date      = {2014},
  doi       = {10.4204/EPTCS.162.4},
  pages     = {27--34},
  series    = {{EPTCS}},
  title     = {Recursive Session Types Revisited},
  volume    = {162},
}

@article{BP12,
  author       = {Bono, Viviana and Padovani, Luca},
  date         = {2012},
  journaltitle = {Logical Methods in Computer Science},
  number       = {1},
  title        = {Typing Copyless Message Passing},
  volume       = {8},
}

@article{BH13,
  author       = {Bernardi, Giovanni and Hennessy, Matthew},
  date         = {2013},
  journaltitle = {CoRR},
  title        = {Using higher-order contracts to model session types},
  volume       = {abs/1310.6176},
}

@inproceedings{VCS08,
  author    = {Vieira, Hugo Torres and Caires, Luı́s and Seco, Jo{ã}o Costa},
  location  = {Heidelberg, Germany},
  publisher = {Springer-Verlag},
  booktitle = {ESOP'08},
  date      = {2008},
  pages     = {269--283},
  title     = {The Conversation Calculus: A Model of Service-Oriented Computation},
  volume    = {4960},
}

@inproceedings{CV09,
  author    = {Caires, Luı́s and Vieira, Hugo Torres},
  location  = {Heidelberg, Germany},
  publisher = {Springer-Verlag},
  booktitle = {ESOP'09},
  date      = {2009},
  pages     = {285--300},
  series    = {LNCS},
  title     = {Conversation Types},
  volume    = {5502},
}

@article{CV10,
  author       = {Caires, Luı́s and Vieira, Hugo Torres},
  date         = {2010},
  journaltitle = {Theoretical Computer Science},
  number       = {51-52},
  pages        = {4399--4440},
  title        = {Conversation types},
  volume       = {411},
}

@article{KMLA11,
  author       = {Krause, Christian and Maraikar, Ziyan and Lazovik, Alexander and Arbab, Farhad},
  date         = {2011},
  journaltitle = {Sci. Comput. Program.},
  number       = {1},
  pages        = {23--36},
  title        = {Modeling dynamic reconfigurations in Reo using high-level replacement systems},
  volume       = {76},
}

@inproceedings{Gorla08,
  author    = {Gorla, Daniele},
  booktitle = {CONCUR},
  date      = {2008},
  pages     = {492--507},
  title     = {Towards a Unified Approach to Encodability and Separation Results for Process Calculi},
}

@inproceedings{CM13,
  author    = {Carbone, Marco and Montesi, Fabrizio},
  booktitle = {POPL},
  date      = {2013},
  pages     = {263--274},
  title     = {Deadlock-freedom-by-design: multiparty asynchronous global programming},
}

@inproceedings{MC11,
  author    = {Montesi, Fabrizio and Carbone, Marco},
  booktitle = {ICSOC},
  date      = {2011},
  pages     = {125--141},
  title     = {Programming Services with Correlation Sets},
}

@inproceedings{MY13,
  author    = {Montesi, Fabrizio and Yoshida, Nobuko},
  booktitle = {CONCUR},
  date      = {2013},
  pages     = {425--439},
  title     = {Compositional Choreographies},
}

@article{CS87,
  author       = {Costa, Gerardo and Stirling, Colin},
  url          = {http://www.sciencedirect.com/science/article/pii/0890540187900137},
  date         = {1987},
  doi          = {http://dx.doi.org/10.1016/0890-5401(87)90013-7},
  issn         = {0890-5401},
  journaltitle = {Information and Computation},
  number       = {3},
  pages        = {207--244},
  title        = {Weak and strong fairness in CCS},
  volume       = {73},
}

@incollection{E90,
  author    = {Emerson, E. Allen},
  editor    = {van Leeuwen, Jan},
  location  = {Cambridge, MA, USA},
  publisher = {MIT Press},
  url       = {http://dl.acm.org/citation.cfm?id=114891.114907},
  chapter   = {Temporal and modal logic},
  date      = {1990},
  isbn      = {0-444-88074-7},
  pages     = {995--1072},
  title     = {Handbook of theoretical computer science (vol. B)},
}

@article{YS07,
  author       = {Deng, Yuxin and Sangiorgi, Davide},
  location     = {Duluth, MN, USA},
  publisher    = {Academic Press, Inc.},
  date         = {2006},
  doi          = {http://dx.doi.org/10.1016/j.ic.2006.03.002},
  issn         = {0890-5401},
  journaltitle = {Inf. Comput.},
  number       = {7},
  pages        = {1045--1082},
  title        = {Ensuring termination by typability},
  volume       = {204},
}

@article{S06,
  author       = {Sangiorgi, Davide},
  location     = {New York, NY, USA},
  publisher    = {Cambridge University Press},
  date         = {2006},
  doi          = {http://dx.doi.org/10.1017/S0960129505004810},
  issn         = {0960-1295},
  journaltitle = {Mathematical. Structures in Comp. Sci.},
  number       = {1},
  pages        = {1--39},
  title        = {Termination of processes},
  volume       = {16},
}

@article{S98,
  author       = {Sangiorgi, Davide},
  date         = {1998},
  journaltitle = {Inf. Comput.},
  number       = {1},
  pages        = {34--73},
  title        = {An Interpretation of Typed Objects into Typed pi-Calculus},
  volume       = {143},
}

@article{YBH04,
  author       = {Yoshida, Nobuko and Berger, Martin and Honda, Kohei},
  location     = {Duluth, MN, USA},
  publisher    = {Academic Press, Inc.},
  date         = {2004},
  doi          = {http://dx.doi.org/10.1016/j.ic.2003.08.004},
  issn         = {0890-5401},
  journaltitle = {Inf. Comput.},
  number       = {2},
  pages        = {145--202},
  title        = {Strong normalisation in the $\pi$-calculus},
  volume       = {191},
}

@article{K98,
  author       = {Kobayashi, Naoki},
  location     = {New York, NY, USA},
  publisher    = {ACM},
  date         = {1998},
  doi          = {http://doi.acm.org/10.1145/276393.278524},
  issn         = {0164-0925},
  journaltitle = {ACM Transactions on Programming Languages and Systems},
  number       = {2},
  pages        = {436--482},
  title        = {A partially deadlock-free typed process calculus},
  volume       = {20},
}

@inproceedings{KSS00,
  author    = {Kobayashi, Naoki and Saito, Shin and Sumii, Eijiro},
  booktitle = {CONCUR},
  date      = {2000},
  pages     = {489--503},
  title     = {An Implicitly-Typed Deadlock-Free Process Calculus},
}

@misc{TYPICAL,
  author       = {Kobayashi, Naoki},
  howpublished = {\url{www-kb.is.s.u-tokyo.ac.jp/~koba/typical}},
  title        = {{TyPiCal}: Type-Based Static Analyzer for the Pi-Calculus},
}

@inproceedings{K00,
  author    = {Kobayashi, Naoki},
  booktitle = {IFIP TCS},
  date      = {2000},
  pages     = {365--389},
  title     = {Type Systems for Concurrent Processes: From Deadlock-Freedom to Livelock-Freedom, Time-Boundedness},
}

@article{K02,
  author       = {Kobayashi, Naoki},
  date         = {2002},
  doi          = {10.1006/inco.2002.3171},
  journaltitle = {Information and Computation},
  number       = {2},
  pages        = {122--159},
  title        = {A Type System for Lock-Free Processes},
  volume       = {177},
}

@article{KS10,
  author       = {Kobayashi, Naoki and Sangiorgi, Davide},
  date         = {2010},
  journaltitle = {ACM Transactions on Programming Languages and Systems},
  number       = {5},
  title        = {A hybrid type system for lock-freedom of mobile processes},
  volume       = {32},
}

@inproceedings{K06,
  author    = {Kobayashi, Naoki},
  publisher = {Springer},
  booktitle = {CONCUR},
  date      = {2006},
  pages     = {233--247},
  series    = {LNCS},
  title     = {A New Type System for Deadlock-Free Processes},
  volume    = {4137},
}

@inproceedings{GiachinoKL14,
  author    = {Giachino, Elena and Kobayashi, Naoki and Laneve, Cosimo},
  publisher = {Springer},
  url       = {http://dx.doi.org/10.1007/978-3-662-44584-6_6},
  booktitle = {CONCUR},
  date      = {2014},
  doi       = {10.1007/978-3-662-44584-6\_6},
  pages     = {63--77},
  series    = {LNCS},
  title     = {Deadlock Analysis of Unbounded Process Networks},
  volume    = {8704},
}

@proceedings{DBLP:conf/concur/2006,
  editor    = {Baier, Christel and Hermanns, Holger},
  publisher = {Springer},
  date      = {2006},
  isbn      = {3-540-37376-4},
  series    = {LNCS},
  title     = {{CONCUR} 2006 - Concurrency Theory, 17th International Conference, {CONCUR} 2006, Bonn, Germany, August 27-30, 2006, Proceedings},
  volume    = {4137},
}

@article{K05,
  author       = {Kobayashi, Naoki},
  date         = {2005},
  journaltitle = {Acta Inf.},
  number       = {4-5},
  pages        = {291--347},
  title        = {Type-based information flow analysis for the pi-calculus},
  volume       = {42},
}

@inproceedings{kobap,
  author    = {Kobayashi, Naoki},
  booktitle = {10th Anniversary Colloquium of UNU/IIST},
  date      = {2002},
  pages     = {439--453},
  title     = {Type Systems for Concurrent Programs},
}

@unpublished{Koba07,
  author = {Kobayashi, Naoki},
  date   = {2007},
  note   = {Extended version of \cite{kobap}, Tohoku University},
  title  = {Type Systems for Concurrent Programs},
}

@inproceedings{IK01,
  author    = {Igarashi, Atsushi and Kobayashi, Naoki},
  location  = {New York, NY, USA},
  publisher = {ACM Press},
  booktitle = {Proc. of the 28th Annual ACM SIGPLAN-SIGACT Symposium on Principles of Programming Languages (POPL'01)},
  date      = {2001},
  pages     = {128--141},
  title     = {A Generic Type System for the Pi-Calculus},
  volume    = {36(3)},
}

@inproceedings{K02bis,
  author    = {Kobayashi, Naoki},
  booktitle = {10th Anniversary Colloquium of UNU/IIST},
  date      = {2002},
  pages     = {439--453},
  title     = {Type Systems for Concurrent Programs},
}

@inproceedings{K07,
  author    = {Kobayashi, Naoki},
  publisher = {Springer},
  booktitle = {Formal Methods at the Crossroads},
  date      = {2003},
  doi       = {10.1007/978-3-540-40007-3\_26},
  pages     = {439--453},
  series    = {LNCS},
  title     = {Type Systems for Concurrent Programs},
  volume    = {2757},
}

@proceedings{DBLP:conf/unu/2002,
  editor    = {Aichernig, Bernhard K. and Maibaum, T. S. E.},
  publisher = {Springer},
  date      = {2003},
  isbn      = {3-540-20527-6},
  series    = {LNCS},
  title     = {Formal Methods at the Crossroads. From Panacea to Foundational Support, 10th Anniversary Colloquium of UNU/IIST, the International Institute for Software Technology of The United Nations University, Lisbon, Portugal, March 18-20, 2002, Revised Papers},
  volume    = {2757},
}

@inproceedings{P13,
  author    = {Padovani, Luca},
  booktitle = {PLACES},
  date      = {2013},
  pages     = {3--19},
  series    = {EPTCS},
  title     = {From Lock Freedom to Progress Using Session Types},
  volume    = {137},
}

@proceedings{DBLP:journals/corr/YoshidaV13,
  editor = {Yoshida, Nobuko and Vanderbauwhede, Wim},
  url    = {http://dx.doi.org/10.4204/EPTCS.137},
  date   = {2013},
  doi    = {10.4204/EPTCS.137},
  series = {{EPTCS}},
  title  = {Proceedings 6th Workshop on Programming Language Approaches to Concurrency and Communication-cEntric Software, {PLACES} 2013, Rome, Italy, 23rd March 2013},
  volume = {137},
}

@article{PV05,
  author       = {Palamidessi, Catuscia and Valencia, Frank, D.},
  publisher    = {ENTCS},
  date         = {2005},
  file         = {http://hal.inria.fr/inria-00201158/PDF/recrep.pdf},
  journaltitle = {Bulletin of the European Association for Theoretical Computer Science},
  pages        = {105--125},
  title        = {Recursion vs Replication in Process Calculi: Expressiveness},
  volume       = {87},
}

@inproceedings{MS10,
  author    = {Montesi, Fabrizio and Sangiorgi, Davide},
  booktitle = {TGC},
  date      = {2010},
  pages     = {153--171},
  title     = {A Model of Evolvable Components},
}

@inproceedings{CD10,
  author    = {Carbone, Marco and Debois, S{ø}ren},
  booktitle = {Proc. of {ICE} 2010, Amsterdam, The Netherlands, 10th of June 2010.},
  date      = {2010},
  doi       = {10.4204/EPTCS.38.4},
  pages     = {13--27},
  series    = {{EPTCS}},
  title     = {A Graphical Approach to Progress for Structured Communication in Web Services},
  volume    = {38},
}

@proceedings{DBLP:journals/corr/abs-1010-5308,
  url    = {http://dx.doi.org/10.4204/EPTCS.38},
  date   = {2010},
  doi    = {10.4204/EPTCS.38},
  series = {{EPTCS}},
  title  = {Proceedings Third Interaction and Concurrency Experience: Guaranteed Interaction, {ICE} 2010, Amsterdam, The Netherlands, 10th of June 2010},
  volume = {38},
}

@inproceedings{HYC08,
  author    = {Honda, Kohei and Yoshida, Nobuko and Carbone, Marco},
  publisher = {ACM},
  booktitle = {Proc. of POPL},
  date      = {2008},
  pages     = {273--284},
  title     = {Multiparty asynchronous session types},
  volume    = {43(1)},
}

@inproceedings{DH11,
  author    = {Demangeon, Romain and Honda, Kohei},
  booktitle = {CONCUR'11},
  date      = {2011},
  pages     = {280--296},
  title     = {Full Abstraction in a Subtyped pi-Calculus with Linear Types},
}

@inproceedings{DGDY06,
  author    = {Dezani-Ciancaglini, Mariangiola and Giachino, Elena and Drossopoulou, Sophia and Yoshida, Nobuko},
  booktitle = {FMCO},
  date      = {2006},
  pages     = {207--245},
  title     = {Bounded Session Types for Object Oriented Languages},
}

@inproceedings{DYAD05,
  author    = {Dezani-Ciancaglini, Mariangiola and Yoshida, Nobuko and Ahern, Alexander and Drossopoulou, Sophia},
  booktitle = {TGC},
  date      = {2005},
  pages     = {299--318},
  title     = {A Distributed Object-Oriented Language with Session Types},
}

@article{CCDDG09,
  author       = {Capecchi, Sara and Coppo, Mario and Dezani-Ciancaglini, Mariangiola and Drossopoulou, Sophia and Giachino, Elena},
  date         = {2009},
  journaltitle = {Theor. Comput. Sci.},
  number       = {2--3},
  pages        = {142--167},
  title        = {Amalgamating sessions and methods in object-oriented languages with generics},
  volume       = {410},
}

@inproceedings{BCDDDY08,
  author    = {Bettini, Lorenzo and Coppo, Mario and D'Antoni, Loris and Luca, Marco De and Dezani-Ciancaglini, Mariangiola and Yoshida, Nobuko},
  publisher = {Springer},
  booktitle = {CONCUR},
  date      = {2008},
  pages     = {418--433},
  series    = {LNCS},
  title     = {Global Progress in Dynamically Interleaved Multiparty Sessions},
  volume    = {5201},
}

@misc{CDY08,
  author = {Coppo, Mario and Dezani-Ciancaglini, Mariangiola and Yoshida, Nobuko},
  date   = {2008},
  note   = {\url{http://www.di.unito.it/~dezani/papers/cdy12.pdf}},
  title  = {Global Progress for Dynamically Interleaved Multiparty Sessions (Long Version)},
}

@inproceedings{coppo07,
  author    = {Coppo, Mario and Dezani-Ciancaglini, Mariangiola and Yoshida, Nobuko},
  publisher = {Springer},
  booktitle = {Proceedings of the 9th International Conference on Formal Methods for Open Object-Based Distributed Systems (FMOODS)},
  date      = {2007},
  doi       = {10.1007/978-3-540-72952-5_1},
  pages     = {1--31},
  series    = {Lecture Notes in Computer Science},
  title     = {Asynchronous Session Types and Progress for Object-Oriented Languages},
  volume    = {4468},
}

@inproceedings{DLY07,
  author    = {Dezani-Ciancaglini, Mariangiola and de'Liguoro, Ugo and Yoshida, Nobuko},
  publisher = {Springer},
  booktitle = {TGC},
  date      = {2009},
  doi       = {10.1007/978-3-540-78663-4\_18},
  pages     = {257--275},
  series    = {LNCS},
  title     = {On Progress for Structured Communications},
  volume    = {4912},
}

@proceedings{DBLP:conf/tgc/2007,
  publisher = {Springer},
  date      = {2008},
  isbn      = {978-3-540-78662-7},
  series    = {LNCS},
  title     = {Trustworthy Global Computing, Third Symposium, {TGC} 2007, Sophia-Antipolis, France, November 5-6, 2007, Revised Selected Papers},
  volume    = {4912},
}

@inproceedings{MY07,
  author    = {Mostrous, Dimitris and Yoshida, Nobuko},
  booktitle = {TLCA},
  date      = {2007},
  pages     = {321--335},
  title     = {Two Session Typing Systems for Higher-Order Mobile Processes},
}

@article{V12,
  author       = {Vasconcelos, Vasco T.},
  date         = {2012},
  doi          = {10.1016/j.ic.2012.05.002},
  journaltitle = {Inf. Comput.},
  pages        = {52--70},
  title        = {Fundamentals of session types},
  volume       = {217},
}

@inproceedings{V09,
  author    = {Vasconcelos, Vasco Thudichum},
  booktitle = {SFM},
  date      = {2009},
  pages     = {158--186},
  title     = {Fundamentals of Session Types},
}

@inproceedings{THK94,
  author    = {Takeuchi, Kaku and Honda, Kohei and Kubo, Makoto},
  publisher = {Springer},
  booktitle = {PARLE '94},
  date      = {1994},
  pages     = {398--413},
  series    = {LNCS},
  title     = {An Interaction-Based Language and its Typing System},
  volume    = {817},
}

@inproceedings{DY11,
  author    = {Deni{é}lou, Pierre-Malo and Yoshida, Nobuko},
  publisher = {ACM},
  booktitle = {Proc. of POPL},
  date      = {2011},
  pages     = {435--446},
  title     = {Dynamic multirole session types},
}

@article{YV07,
  author       = {Yoshida, Nobuko and Vasconcelos, Vasco Thudichum},
  date         = {2007},
  journaltitle = {Electr. Notes Theor. Comput. Sci.},
  number       = {4},
  pages        = {73--93},
  title        = {Language Primitives and Type Discipline for Structured Communication-Based Programming Revisited: Two Systems for Higher-Order Session Communication},
  volume       = {171},
}

@inproceedings{DL09,
  author    = {Dezani-Ciancaglini, Mariangiola and de' Liguoro, Ugo},
  location  = {Heidelberg, Germany},
  publisher = {springer},
  booktitle = {Proc. of the 6th International Workshop on Web Service and Formal Methods (WS-FM'09)},
  date      = {2009},
  series    = {LNCS},
  title     = {Sessions and Session Types: an Overview},
}

@inproceedings{DMYD06,
  author    = {Dezani-Ciancaglini, Mariangiola and Mostrous, Dimitris and Yoshida, Nobuko and Drossopoulou, Sophia},
  publisher = {Springer},
  booktitle = {ECOOP},
  date      = {2006},
  pages     = {328--352},
  series    = {LNCS},
  title     = {Session Types for Object-Oriented Languages},
  volume    = {4067},
}

@inproceedings{CHY07,
  author    = {Carbone, Marco and Honda, Kohei and Yoshida, Nobuko},
  location  = {Heidelberg, Germany},
  publisher = {Springer},
  booktitle = {Proc. of ESOP},
  date      = {2007},
  pages     = {2--17},
  series    = {LNCS},
  title     = {Structured Communication-Centred Programming for Web Services},
  volume    = {4421},
}

@inproceedings{HVK98,
  author    = {Honda, Kohei and Vasconcelos, Vasco Thudichum and Kubo, Makoto},
  publisher = {Springer},
  booktitle = {ESOP},
  date      = {1998},
  doi       = {10.1007/BFb0053567},
  pages     = {122--138},
  series    = {LNCS},
  title     = {Language Primitives and Type Discipline for Structured Communication-Based Programming},
  volume    = {1381},
}

@inproceedings{H93,
  author    = {Honda, Kohei},
  publisher = {Springer},
  url       = {https://doi.org/10.1007/3-540-57208-2_35},
  booktitle = {CONCUR},
  date      = {1993},
  doi       = {10.1007/3-540-57208-2_35},
  pages     = {509--523},
  series    = {LNCS},
  title     = {Types for Dyadic Interaction},
  volume    = {715},
}

@inproceedings{VRG04,
  author    = {Vasconcelos, Vasco and Ravara, Ant{ó}nio and Gay, Simon J.},
  location  = {Heidelberg, Germany},
  publisher = {springer},
  booktitle = {Proc. of the 15th International Conference on Concurrency Theory (CONCUR'04)},
  date      = {2004},
  pages     = {497--511},
  series    = {LNCS},
  title     = {Session Types for Functional Multithreading},
  volume    = {3170},
}

@article{GH05,
  author       = {Gay, Simon and Hole, Malcolm},
  date         = {2005-11},
  journaltitle = {Acta Informatica},
  number       = {2-3},
  pages        = {191--225},
  title        = {Subtyping for Session Types in the Pi Calculus},
  volume       = {42},
}

@article{G08,
  author       = {Gay, Simon J.},
  date         = {2008},
  journaltitle = {Mathematical Structures in Computer Science},
  number       = {5},
  pages        = {895--930},
  title        = {Bounded polymorphism in session types},
  volume       = {18},
}

@inproceedings{V94,
  author    = {Vasconcelos, Vasco},
  location  = {Heidelberg, Germany},
  publisher = {springer},
  booktitle = {Proc. of ECOOP'94},
  date      = {1994-07},
  pages     = {100--117},
  series    = {LNCS},
  title     = {Typed Concurrent Objects},
  volume    = {821},
}

@inproceedings{W12,
  author    = {Wadler, Philip},
  publisher = {ACM},
  booktitle = {ICFP},
  date      = {2012},
  pages     = {273--286},
  title     = {Propositions as sessions},
}

@inproceedings{CP10,
  author    = {Caires, Luı́s and Pfenning, Frank},
  publisher = {Springer},
  booktitle = {CONCUR},
  date      = {2010},
  pages     = {222--236},
  series    = {LNCS},
  title     = {Session Types as Intuitionistic Linear Propositions},
  volume    = {6269},
}

@inproceedings{TCP12,
  author    = {Toninho, Bernardo and Caires, Luı́s and Pfenning, Frank},
  booktitle = {FoSSaCS'12},
  date      = {2012},
  pages     = {346--360},
  title     = {Functions as Session-Typed Processes},
}

@inproceedings{PCPT12,
  author    = {P{é}rez, Jorge A. and Caires, Luı́s and Pfenning, Frank and Toninho, Bernardo},
  booktitle = {ESOP'12},
  date      = {2012},
  pages     = {539--558},
  title     = {Linear Logical Relations for Session-Based Concurrency},
}

@inproceedings{CPPT13,
  author    = {Caires, Luı́s and P{é}rez, Jorge A. and Pfenning, Frank and Toninho, Bernardo},
  booktitle = {ESOP},
  date      = {2013},
  pages     = {330--349},
  title     = {Behavioral Polymorphism and Parametricity in Session-Based Communication},
}

@article{VVR06,
  author       = {Vallecillo, Antonio and Vasconcelos, Vasco Thudichum and Ravara, Ant{ó}nio},
  date         = {2006},
  journaltitle = {Fundam. Inform.},
  number       = {4},
  pages        = {583--598},
  title        = {Typing the Behavior of Software Components using Session Types},
  volume       = {73},
}

@article{GV10,
  author       = {Gay, Simon J. and Vasconcelos, Vasco T.},
  date         = {2010},
  journaltitle = {Journal of Functional Programming},
  number       = {1},
  pages        = {19--50},
  title        = {Linear type theory for asynchronous session types},
  volume       = {20},
}

@inproceedings{GGR08,
  author    = {Gay, Simon J. and Gesbert, Nils and Ravara, António},
  booktitle = {PLACES'08},
  date      = {2008},
  title     = {Session types as generic process types},
}

@article{GGRV12,
  author       = {Gay, Simon J. and Gesbert, Nils and Ravara, Ant{ó}nio and Vasconcelos, Vasco Thudichum},
  date         = {2012},
  journaltitle = {CoRR},
  title        = {Modular Session Types for Objects},
  volume       = {abs/1205.5344},
}

@article{VGR06,
  author       = {Vasconcelos, Vasco Thudichum and Gay, Simon J. and Ravara, Ant{ó}nio},
  date         = {2006},
  journaltitle = {Theor. Comput. Sci.},
  number       = {1-2},
  pages        = {64--87},
  title        = {Type checking a multithreaded functional language with session types},
  volume       = {368},
}

@inproceedings{PS93,
  author    = {Pierce, Benjamin C. and Sangiorgi, Davide},
  booktitle = {LICS'93},
  date      = {1993},
  pages     = {376--385},
  title     = {Typing and Subtyping for Mobile Processes},
}

@inproceedings{KPT96,
  author    = {Kobayashi, Naoki and Pierce, Benjamin and Turner, David},
  location  = {New York, NY, USA},
  publisher = {ACM Press},
  booktitle = {POPL},
  date      = {1996},
  pages     = {358--371},
  title     = {Linear Types and $\pi$-calculus},
  volume    = {21(5)},
}

@article{IK04,
  author       = {Igarashi, Atsushi and Kobayashi, Naoki},
  date         = {2004},
  journaltitle = {Theor. Comput. Sci.},
  number       = {1-3},
  pages        = {121--163},
  title        = {A generic type system for the Pi-calculus},
  volume       = {311},
}

@book{Pierce02,
  author    = {Pierce, Benjamin C.},
  location  = {MA, USA},
  publisher = {MIT Press},
  date      = {2002},
  isbn      = {978-0-262-16209-8},
  pages     = {I--XXI,1--623},
  title     = {Types and programming languages},
}

@book{Milner99,
  author    = {Milner, Robin},
  publisher = {Cambridge University Press},
  date      = {1999-05},
  isbn      = {0 521 64320 1 (hc), 0 521 65869 1 (pbk)},
  title     = {Communicating and Mobile Systems: the $\pi$-Calculus},
}

@book{Milner89,
  author    = {Milner, Robin},
  publisher = {Prentice Hall},
  date      = {1989},
  title     = {Communication and Concurrency},
}

@book{Milner80,
  author    = {Milner, Robin},
  publisher = {Springer},
  date      = {1980},
  isbn      = {3-540-10235-3},
  series    = {LNCS},
  title     = {A Calculus of Communicating Systems},
  volume    = {92},
}

@book{Sangio01,
  author    = {Sangiorgi, Davide and Walker, David},
  publisher = {Cambridge University Press},
  date      = {2001},
  title     = {The $\pi$-calculus: a Theory of Mobile Processes},
}

@book{Winskel93,
  author    = {Winskel, Glynn},
  publisher = {The MIT Press},
  date      = {1993},
  title     = {The Formal Semantics of Programming Languages: An Introduction},
}

@book{Barendregt84,
  author    = {Barendregt, Henk},
  publisher = {North Holland},
  date      = {1984},
  edition   = {2nd},
  title     = {The Lambda Calculus: Its Syntax and Semantics},
}

@incollection{MGZ14,
  author    = {Montesi, Fabrizio and Guidi, Claudio and Zavattaro, Gianluigi},
  booktitle = {Web Services Foundations},
  date      = {2014},
  pages     = {81--107},
  title     = {Service-Oriented Programming with Jolie},
}

@book{OSGi03,
  author    = {Alliance, OSGi},
  publisher = {IOS Press, Inc.},
  date      = {2003},
  title     = {Osgi Service Platform, Release 3},
}

@book{Szyperski02,
  author    = {Szyperski, Clemens},
  publisher = {Addison-Wesley},
  date      = {2002},
  title     = {Component Software, 2nd edition},
}

@book{Agha86,
  author    = {Agha, Gul},
  location  = {Cambridge, MA, USA},
  publisher = {MIT Press},
  date      = {1986},
  isbn      = {0-262-01092-5},
  title     = {Actors: a model of concurrent computation in distributed systems},
}

@book{Andrews00,
  author    = {Andrews, Gregory R.},
  publisher = {Addison-Wesley},
  date      = {2000},
  title     = {Foundations of Multithreaded, Parallel, and Distributed Programming},
}

@misc{BPEL,
  author       = {OASIS},
  howpublished = {\url{http://docs.oasis-open.org/wsbpel/2.0/wsbpel-v2.0.html}},
  title        = {{W}eb {S}ervices {B}usiness {P}rocess {E}xecution {L}anguage},
}

@misc{JSR,
  author = {Microsystems, Sun},
  date   = {2006},
  title  = {{JSR} 220: Enterprise JavaBeans, Version 3.0 – EJB Core Contracts and Requirements},
}

@inproceedings{CPN98,
  author    = {Clarke, David G. and Potter, John and Noble, James},
  booktitle = {OOPSLA},
  date      = {1998},
  pages     = {48--64},
  title     = {Ownership Types for Flexible Alias Protection},
}

@inproceedings{BCJ07,
  author    = {Boer, Frank S. De and Clarke, Dave and Johnsen, Einar Broch},
  publisher = {Springer-Verlag},
  booktitle = {Proc. 16th European Symposium on Programming (ESOP’07), volume 4421 of LNCS},
  date      = {2007},
  pages     = {316--330},
  title     = {A complete guide to the future},
}

@article{CHS04,
  author       = {Caromel, Denis and Henrio, Ludovic and Serpette, Bernard Paul},
  location     = {New York, NY, USA},
  publisher    = {ACM},
  url          = {http://doi.acm.org/10.1145/982962.964012},
  date         = {2004},
  journaltitle = {SIGPLAN Not.},
  number       = {1},
  pages        = {123--134},
  title        = {Asynchronous and deterministic objects},
  volume       = {39},
}

@misc{HLWCH92,
  author       = {Hogg, John and Lea, Doug and Wills, Alan and de Champeaux, Dennis and Holt, Richard},
  date         = {1992},
  howpublished = {OOPS Messenger},
  title        = {The Geneva Convention -- On The Treatment of Object Aliasing},
}

@article{HO08,
  author       = {Haller, Philipp and Odersky, Martin},
  url          = {http://www.sciencedirect.com/science/article/B6V1G-4TG9J07-4/2/6d025aa3d5748c89ad1e3dc1c1400bc3},
  date         = {2008},
  journaltitle = {Theoretical {C}omputer {S}cience},
  title        = {Scala actors: {U}nifying thread-based and event-based programming},
}

@inproceedings{LLBSZWSP10,
  author    = {Lienhardt, Michaël and Lanese, Ivan and Bravetti, Mario and Sangiorgi, Davide and Zavattaro, Gianluigi and Welsch, Yannick and Schäfer, Jan and Poetzsch-Heffter, Arnd},
  location  = {Berlin, Heidelberg},
  publisher = {Springer-Verlag},
  url       = {http://dx.doi.org/10.1007/978-3-642-25271-6_9},
  booktitle = {Proceedings of the 9th international conference on Formal Methods for Components and Objects},
  date      = {2011},
  pages     = {165--183},
  series    = {FMCO},
  title     = {A component model for the ABS language},
}

@article{JO07,
  author       = {Johnsen, Einar Broch and Owe, Olaf},
  date         = {2007},
  journaltitle = {Software and System Modeling},
  number       = {1},
  pages        = {39--58},
  title        = {An Asynchronous Communication Model for Distributed Concurrent Objects},
  volume       = {6},
}

@inproceedings{WJH05,
  author    = {Welc, Adam and Jagannathan, Suresh and Hosking, Antony L.},
  booktitle = {OOPSLA},
  date      = {2005},
  pages     = {439--453},
  title     = {Safe futures for Java},
}

@article{JOY06,
  author       = {Johnsen, Einar Broch and Owe, Olaf and Yu, Ingrid Chieh},
  date         = {2006},
  journaltitle = {Theor. Comput. Sci.},
  number       = {1-2},
  pages        = {23--66},
  title        = {Creol: A type-safe object-oriented model for distributed concurrent systems},
  volume       = {365},
}

@inproceedings{SP10,
  author    = {Schäfer, Jan and Poetzsch-Heffter, Arnd},
  location  = {Berlin, Heidelberg},
  publisher = {Springer-Verlag},
  url       = {http://dl.acm.org/citation.cfm?id=1883978.1883996},
  booktitle = {Proceedings of the 24th European conference on Object-oriented programming},
  date      = {2010},
  pages     = {275--299},
  series    = {ECOOP},
  title     = {JCoBox: generalizing active objects to concurrent components},
}

@article{AD12,
  author       = {Ahrendt, Wolfgang and Dylla, Maximilian},
  location     = {Amsterdam, The Netherlands, The Netherlands},
  publisher    = {Elsevier North-Holland, Inc.},
  url          = {http://dx.doi.org/10.1016/j.scico.2010.08.003},
  date         = {2012},
  journaltitle = {Sci. Comput. Program.},
  number       = {12},
  pages        = {1289--1309},
  title        = {A system for compositional verification of asynchronous objects},
  volume       = {77},
}

@inproceedings{BF96,
  author    = {Blasio, Paolo Di and Fisher, Kathleen},
  booktitle = {CONCUR},
  date      = {1996},
  pages     = {655--670},
  title     = {A Calculus for Concurrent Objects},
}

@article{H74,
  author       = {Hoare, C. A. R.},
  location     = {New York, NY, USA},
  publisher    = {ACM},
  url          = {http://doi.acm.org/10.1145/355620.361161},
  date         = {1974},
  journaltitle = {Commun. ACM},
  number       = {10},
  pages        = {549--557},
  title        = {Monitors: an operating system structuring concept},
  volume       = {17},
}

@book{Hoare85,
  author    = {Hoare, C. A. R.},
  publisher = {Prentice Hall International},
  date      = {1985},
  title     = {Communicating Sequential Processes},
}

@inproceedings{LG88,
  author    = {Lucassen, J. M. and Gifford, D. K.},
  location  = {New York, NY, USA},
  publisher = {ACM},
  url       = {http://doi.acm.org/10.1145/73560.73564},
  booktitle = {Proceedings of the 15th ACM SIGPLAN-SIGACT symposium on Principles of programming languages},
  date      = {1988},
  pages     = {47--57},
  series    = {POPL},
  title     = {Polymorphic effect systems},
}

@article{KMCJK00,
  author       = {Kohler, Eddie and Morris, Robert and Chen, Benjie and Jannotti, John and Kaashoek, M. Frans},
  location     = {New York, NY, USA},
  publisher    = {ACM},
  url          = {http://doi.acm.org/10.1145/354871.354874},
  date         = {2000},
  journaltitle = {ACM Trans. Comput. Syst.},
  number       = {3},
  pages        = {263--297},
  title        = {The click modular router},
  volume       = {18},
}

@article{CGG02,
  author       = {Cardelli, Luca and Ghelli, Giorgio and Gordon, Andrew D.},
  url          = {http://www.sciencedirect.com/science/article/pii/S0890540101931219},
  date         = {2002},
  journaltitle = {Information and Computation},
  number       = {2},
  pages        = {160--194},
  title        = {Types for the Ambient Calculus},
  volume       = {177},
}

@article{CG00,
  author       = {Cardelli, Luca and Gordon, Andrew D.},
  date         = {2000},
  journaltitle = {Theor. Comput. Sci.},
  number       = {1},
  pages        = {177--213},
  title        = {Mobile ambients},
  volume       = {240},
}

@article{WF94,
  author       = {Wright, Andrew K. and Felleisen, Matthias},
  date         = {1994},
  journaltitle = {Inf. Comput.},
  number       = {1},
  pages        = {38--94},
  title        = {A Syntactic Approach to Type Soundness},
  volume       = {115},
}

@inproceedings{WS11,
  author    = {Welsch, Yannick and Sch{ä}fer, Jan},
  booktitle = {TOOLS (49)},
  date      = {2011},
  pages     = {194--210},
  title     = {Location Types for Safe Distributed Object-Oriented Programming},
}

@inproceedings{GGLLW11,
  author    = {Giachino, Elena and Grazia, Carlo A. and Laneve, Cosimo and Lienhardt, Michael and Wong, Peter Y. H.},
  booktitle = {IFM},
  date      = {2013},
  pages     = {394--411},
  title     = {Deadlock Analysis of Concurrent Objects: Theory and Practice},
}

@unpublished{GL12,
  author = {Giachino, Elena and Lascu, Tudor A.},
  date   = {2012},
  note   = {Presented at {\em ICTCS}. Available at \url{http://www.cs.unibo.it/~giachino/}},
  title  = {{Lock Analysis for an Asynchronous Object Calculus}},
}

@inproceedings{LBS12,
  author    = {Lienhardt, Michael and Bravetti, Mario and Sangiorgi, Davide},
  booktitle = {ISoLA (1)},
  date      = {2012},
  pages     = {64--78},
  title     = {An Object Group-Based Component Model},
}

@incollection{JHSSS10,
  author    = {Johnsen, Einar and Hähnle, Reiner and Schäfer, Jan and Schlatte, Rudolf and Steffen, Martin},
  publisher = {Springer-Verlag},
  booktitle = {FMCO'10},
  date      = {2012},
  pages     = {142--164},
  series    = {LNCS},
  title     = {ABS: A Core Language for Abstract Behavioral Specification},
  volume    = {6957},
}

@inproceedings{AMG12,
  author    = {Albert, Elvira and Flores-Montoya, Antonio and Genaim, Samir},
  booktitle = {FMOODS/FORTE},
  date      = {2012},
  pages     = {35--51},
  title     = {Analysis of May-Happen-in-Parallel in Concurrent Objects},
}

@article{BCLQS06,
  author       = {Bruneton, Eric and Coupaye, Thierry and Leclercq, Matthieu and Quema, Vivien and Stefani, Jean-Bernard},
  date         = {2006},
  journaltitle = {Software - Practice and Experience},
  number       = {11-12},
  title        = {The Fractal Component Model and its Support in Java},
  volume       = {36},
}

@article{BHSC98,
  author       = {Bhatti, Nina T. and Hiltunen, Matti A. and Schlichting, Richard D. and Chiu, Wanda},
  date         = {1998},
  journaltitle = {ACM Trans. Comput. Syst.},
  number       = {4},
  title        = {Coyote: A System for Constructing Fine-Grain Configurable Communication Services},
  volume       = {16},
}

@inproceedings{CBGJLU04,
  author    = {Coulson, Geoff and Blair, Gordon and Grace, Paul and Joolia, Ackbar and Lee, Kevin and Ueyama, Jo},
  booktitle = {In Proc. IASTED Software Engineering and Applications (SEA’04)},
  date      = {2004},
  title     = {A Component Model for Building Systems Software},
}

@inproceedings{BJC05,
  author    = {Batista, Thais and Joolia, Ackbar and Coulson, Geoff},
  location  = {Berlin, Heidelberg},
  publisher = {Springer-Verlag},
  url       = {http://dx.doi.org/10.1007/11494713_1},
  booktitle = {Proceedings of the 2nd European conference on Software Architecture},
  date      = {2005},
  pages     = {1--17},
  series    = {EWSA'05},
  title     = {Managing dynamic reconfiguration in component-based systems},
}

@inproceedings{LSS07,
  author    = {Lienhardt, Michael and Schmitt, Alan and Stefani, Jean-Bernard},
  location  = {New York, NY, USA},
  publisher = {ACM},
  url       = {http://doi.acm.org/10.1145/1289971.1289980},
  booktitle = {Proceedings of the 6th international conference on Generative programming and component engineering},
  date      = {2007},
  pages     = {43--52},
  series    = {GPCE '07},
  title     = {Oz/K: a kernel language for component-based open programming},
}

@article{CVZ05,
  author       = {Castagna, G. and Vitek, J. and Zappa Nardelli, F.},
  location     = {Duluth, MN, USA},
  publisher    = {Academic Press, Inc.},
  url          = {http://dx.doi.org/10.1016/j.ic.2004.11.005},
  date         = {2005},
  journaltitle = {Inf. Comput.},
  number       = {1},
  pages        = {1--54},
  title        = {The Seal Calculus},
  volume       = {201},
}

@article{IPW01,
  author       = {Igarashi, Atsushi and Pierce, Benjamin C. and Wadler, Philip},
  publisher    = {ACM},
  date         = {2001},
  journaltitle = {ACM Trans. Program. Lang. Syst.},
  number       = {3},
  pages        = {396--450},
  title        = {Featherweight Java: a minimal core calculus for Java and GJ},
  volume       = {23},
}

@article{GM08,
  author       = {Gil, Joseph and Maman, Itay},
  location     = {New York, NY, USA},
  publisher    = {ACM},
  date         = {2008},
  journaltitle = {SIGPLAN Not.},
  number       = {10},
  pages        = {73--90},
  title        = {Whiteoak: introducing structural typing into java},
  volume       = {43},
}

@inproceedings{MA08,
  author    = {Malayeri, Donna and Aldrich, Jonathan},
  booktitle = {ECOOP},
  date      = {2008},
  pages     = {260--284},
  title     = {Integrating Nominal and Structural Subtyping},
}

@inproceedings{MA09,
  author    = {Malayeri, Donna and Aldrich, Jonathan},
  booktitle = {ESOP},
  date      = {2009},
  pages     = {95--111},
  title     = {Is Structural Subtyping Useful? An Empirical Study},
}

@article{O08,
  author       = {Ostermann, Klaus},
  date         = {2008},
  journaltitle = {Journal of Object Technology},
  number       = {1},
  pages        = {121--145},
  title        = {Nominal and Structural Subtyping in Component-Based Programming},
  volume       = {7},
}

@inproceedings{FFF04,
  author    = {Findler, Robert Bruce and Flatt, Matthew and Felleisen, Matthias},
  booktitle = {ECOOP},
  date      = {2004},
  pages     = {364--388},
  title     = {Semantic Casts: Contracts and Structural Subtyping in a Nominal World},
}

@inproceedings{MPR01,
  author    = {Miranda, Hugo and Pinto, Alexandre S. and Rodrigues, Luis},
  publisher = {IEEE Computer Society},
  booktitle = {21st International Conference on Distributed Computing Systems (ICDCS 2001)},
  date      = {2001},
  title     = {Appia: A Flexible Protocol Kernel Supporting Multiple Coordinated Channels},
}

@article{LQS05,
  author       = {Leclercq, Matthieu and Quema, Vivien and Stefani, Jean-Bernard},
  date         = {2005},
  journaltitle = {IEEE Distributed Systems Online},
  number       = {9},
  title        = {DREAM: a Component Framework for the Construction of Resource-Aware, Configurable MOMs},
  volume       = {6},
}

@misc{WiredNews,
  author    = {News, Wired},
  publisher = {WIRED Magazine},
  date      = {2005},
  note      = {\url{http://www.wired.com/software/coolapps/news/2005/11/69355}},
  title     = {History's Worst Software Bugs},
}

@misc{FocusInria,
  author = {Inria, Focus},
  note   = {\url{http://raweb.inria.fr/rapportsactivite/RA2012/focus/uid3.html}},
  title  = {Overall Objectives},
}

@article{Girard87,
  author       = {Girard, Jean-Yves},
  date         = {1987},
  journaltitle = {Theoretical Computer Science},
  pages        = {1--102},
  title        = {Linear Logic},
  volume       = {50},
}

@inproceedings{AbramskyGN96,
  author    = {Abramsky, Samson and Gay, Simon J. and Nagarajan, Rajagopal},
  editor    = {Broy, Manfred},
  booktitle = {Proceedings of the {NATO} Advanced Study Institute on Deductive Program Design},
  date      = {1996},
  pages     = {35--113},
  title     = {Interaction categories and the foundations of typed concurrent programming},
}

@inproceedings{AbramskyGN97,
  author    = {Abramsky, Samson and Gay, Simon J. and Nagarajan, Rajagopal},
  publisher = {Springer},
  url       = {https://doi.org/10.1007/BFb0014557},
  booktitle = {TACS},
  date      = {1997},
  doi       = {10.1007/BFb0014557},
  pages     = {295--320},
  series    = {LNCS},
  title     = {A Type-Theoretic Approach to Deadlock-Freedom of Asynchronous Systems},
  volume    = {1281},
}

@article{AbramskyGN99,
  author       = {Abramsky, Samson and Gay, Simon J. and Nagarajan, Rajagopal},
  url          = {https://doi.org/10.1016/S0304-3975(98)00189-3},
  date         = {1999},
  doi          = {10.1016/S0304-3975(98)00189-3},
  journaltitle = {Theoretical Computer Science},
  number       = {1--2},
  pages        = {1--53},
  title        = {A Specification Structure for Deadlock-Freedom of Synchronous Processes},
  volume       = {222},
}

@article{Abramsky94,
  author       = {Abramsky, Samson},
  date         = {1994},
  journaltitle = {Theoretical Computer Science},
  number       = {1},
  pages        = {5--9},
  title        = {Proofs as Processes},
  volume       = {135},
}

@article{BellinS94,
  author       = {Bellin, Gianluigi and Scott, Philip J.},
  date         = {1994},
  journaltitle = {Theoretical Computer Science},
  number       = {1},
  pages        = {11--65},
  title        = {On the pi-Calculus and Linear Logic},
  volume       = {135},
}

@report{Barber96,
  author      = {Barber, Andrew},
  institution = {University of Edinburgh},
  date        = {1996},
  note        = {\url{www.lfcs.inf.ed.ac.uk/reports/96/ECS-LFCS-96-347}},
  number      = {ECS-LFCS-96-347},
  title       = {Dual Intuitionistic Linear Logic},
  type        = {techreport},
}

@article{GayN03,
  author       = {Gay, Simon J. and Nagarajan, Rajagopal},
  url          = {https://doi.org/10.1007/s00165-003-0018-1},
  date         = {2003},
  doi          = {10.1007/s00165-003-0018-1},
  journaltitle = {Formal Aspects of Computing},
  number       = {4},
  pages        = {299--318},
  title        = {Intensional and Extensional Semantics of Dataflow Programs},
  volume       = {15},
}

@inproceedings{Wadge79,
  author    = {Wadge, William W.},
  url       = {https://doi.org/10.1007/BFb0022475},
  booktitle = {Proceedings of the International Symposium on Semantics of Concurrent Computation},
  date      = {1979},
  doi       = {10.1007/BFb0022475},
  pages     = {285--299},
  title     = {An Extensional Treatment of Dataflow Deadlock},
}

@report{Brauner96,
  author      = {Bräuner, Torben},
  institution = {Basic Research Institute in Computer Science, University of Aarhus},
  date        = {1996},
  number      = {BRICS LS-96-6},
  title       = {Introduction to Linear Logic},
  type        = {techreport},
}

@article{BalzerP17,
  author       = {Balzer, Stephanie and Pfenning, Frank},
  url          = {http://doi.acm.org/10.1145/3110281},
  date         = {2017},
  doi          = {10.1145/3110281},
  journaltitle = {Proceedings of the ACM on Programming Languages},
  number       = {{ICFP}},
  pages        = {37:1--37:29},
  title        = {Manifest sharing with session types},
  volume       = {1},
}

@inproceedings{BalzerTP19,
  author    = {Balzer, Stephanie and Toninho, Bernardo and Pfenning, Frank},
  publisher = {Springer},
  booktitle = {Proceedings or the 28th European Symposium on Programming,{ESOP}},
  date      = {2019},
  doi       = {10.1007/978-3-030-17184-1\_22},
  pages     = {611--639},
  series    = {Lecture Notes in Computer Science},
  title     = {Manifest Deadlock-Freedom for Shared Session Types},
  volume    = {11423},
}

@inproceedings{AtkeyLM16,
  author    = {Atkey, Robert and Lindley, Sam and Morris, J. Garrett},
  publisher = {Springer},
  url       = {https://doi.org/10.1007/978-3-319-30936-1_2},
  booktitle = {A List of Successes That Can Change the World---Essays Dedicated to Philip Wadler on the Occasion of His 60th Birthday},
  date      = {2016},
  doi       = {10.1007/978-3-319-30936-1_2},
  pages     = {32--55},
  series    = {LNCS},
  title     = {Conflation Confers Concurrency},
  volume    = {9600},
}

@inproceedings{dardha2018,
  author    = {Dardha, Ornela and Gay, Simon J.},
  publisher = {Springer},
  booktitle = {Proceedings of the 21st International Conference on Foundations of Software Science and Computation Structures (FOSSACS)},
  date      = {2018},
  doi       = {10.1007/978-3-319-89366-2\_5},
  pages     = {91--109},
  series    = {LNCS},
  title     = {A New Linear Logic for Deadlock-Free Session-Typed Processes},
  volume    = {10803},
}

@inproceedings{wadler2012,
  author    = {Wadler, Philip},
  publisher = {ACM},
  booktitle = {Proceedings of the 17th ACM SIGPLAN International Conference on Functional Programming (ICFP)},
  date      = {2012},
  pages     = {273--286},
  title     = {Propositions as sessions},
}

@inproceedings{carbone2016,
  author    = {Carbone, Marco and Lindley, Sam and Montesi, Fabrizio and Sch{ü}rmann, Carsten and Wadler, Philip},
  publisher = {Schloss Dagstuhl---Leibniz-Zentrum für Informatik},
  booktitle = {Proceedings of the 27th International Conference on Concurrency Theory (CONCUR)},
  date      = {2016},
  doi       = {10.4230/LIPIcs.CONCUR.2016.33},
  pages     = {33:1--33:15},
  series    = {LIPIcs},
  title     = {Coherence Generalises Duality: A Logical Explanation of Multiparty Session Types},
  volume    = {59},
}

@inproceedings{caires2017,
  author    = {Caires, Lu{ı́}s and P{é}rez, Jorge A.},
  publisher = {Springer},
  booktitle = {Proceedings of the 26th European Symposium on Programming (ESOP)},
  date      = {2017},
  doi       = {10.1007/978-3-662-54434-1\_9},
  pages     = {229--259},
  series    = {LNCS},
  title     = {Linearity, Control Effects, and Behavioral Types},
  volume    = {10201},
}

@inproceedings{padovani2015,
  author    = {Padovani, Luca and Novara, Luca},
  publisher = {Springer},
  booktitle = {Proceedings of the IFIP International Conference on Formal Methods and Techniques (FORTE)},
  date      = {2015},
  doi       = {10.1007/978-3-319-19195-9\_1},
  pages     = {3--18},
  series    = {LNCS},
  title     = {{Types for Deadlock-Free Higher-Order Programs}},
  volume    = {9039},
}

@inproceedings{kobayashi2006,
  author    = {Kobayashi, Naoki},
  publisher = {Springer},
  booktitle = {Proceedings of the 17th International Conference on Concurrency, {CONCUR}},
  date      = {2006},
  doi       = {10.1007/11817949\_16},
  pages     = {233--247},
  series    = {Lecture Notes in Computer Science},
  title     = {A New Type System for Deadlock-Free Processes},
  volume    = {4137},
}

@inproceedings{padovani2014,
  author    = {Padovani, Luca},
  publisher = {ACM},
  booktitle = {Proceeding of the 23rd Conference on Computer Science Logic {(CSL)} and the 29th {ACM/IEEE} Symposium on Logic in Computer Science (LICS), {CSL-LICS}},
  date      = {2014},
  doi       = {10.1145/2603088.2603116},
  pages     = {72:1--72:10},
  title     = {Deadlock and lock freedom in the linear {\(\pi\)}-calculus},
}

