@string{springer = "Springer-Verlag"}
@string{entcs = "ENTCS"}
@string{elsevier= "Elsevier"}
@string{lncs= "LNCS"}

@inproceedings{DG18-Extended,
  author = {Ornela Dardha and
            Simon J. Gay},
  title  = {A {N}ew {L}inear {L}ogic for {D}eadlock-{F}ree {S}ession {T}yped {P}rocesses},
  booktitle = {21st International Conference on Foundations of Software Science and Computation Structures, {FoSSaCS}},
  year = {2018},
  note = {(Extended {V}ersion) \url{http://www.dcs.gla.ac.uk/~ornela/publications/DG18-Extended.pdf}} 
}

@book{Girard1989,
 author = {Girard, Jean-Yves and Taylor, Paul and Lafont, Yves},
 title = {Proofs and Types},
 year = {1989},
 isbn = {0-521-37181-3},
 publisher = {Cambridge University Press},
 address = {New York, NY, USA},
} 

@inproceedings{CP17,
  author    = {Lu{\'{\i}}s Caires and
               Jorge A. P{\'{e}}rez},
  title     = {Linearity, Control Effects, and Behavioral Types},
  booktitle_ = {Proceedings of the 26th European Symposium on Programming (ESOP)},
  booktitle = {ESOP},
  pages     = {229--259},
  year      = {2017},
  series_    = {Lecture Notes in Computer Science},
  series    = {LNCS},
  volume    = {10201},
  publisher = {Springer},
  url       = {https://doi.org/10.1007/978-3-662-54434-1_9},
  doi       = {10.1007/978-3-662-54434-1_9},
  timestamp = {Fri, 19 May 2017 01:25:18 +0200},
  biburl    = {http://dblp.uni-trier.de/rec/bib/conf/esop/CairesP17},
  bibsource = {dblp computer science bibliography, http://dblp.org}
}

@inproceedings{CLMSW16,
  author    = {Marco Carbone and
               Sam Lindley and
               Fabrizio Montesi and
               Carsten Sch{\"{u}}rmann and
               Philip Wadler},
  title     = {Coherence Generalises Duality: A Logical Explanation of Multiparty
               Session Types},
  booktitle_ = {Proceedings of the 27th International Conference on Concurrency Theory (CONCUR)},
  booktitle = {CONCUR},
  pages     = {33:1--33:15},
  year      = {2016},
  series    = {LIPIcs},
  volume    = {59},
  publisher = {Schloss Dagstuhl---Leibniz-Zentrum f\"{u}r Informatik},
  url       = {https://doi.org/10.4230/LIPIcs.CONCUR.2016.33},
  doi       = {10.4230/LIPIcs.CONCUR.2016.33},
  timestamp = {Tue, 23 May 2017 01:11:19 +0200},
  biburl    = {http://dblp.uni-trier.de/rec/bib/conf/concur/CarboneLMSW16},
  bibsource = {dblp computer science bibliography, http://dblp.org}
}

@inproceedings{LindleyM15,
  author    = {Sam Lindley and
               J. Garrett Morris},
  title     = {A Semantics for Propositions as Sessions},
  booktitle_ = {Proceedings of the 24th European Symposium on Programming (ESOP)},
  booktitle = {ESOP},
  pages     = {560--584},
  year      = {2015},
  _crossref  = {DBLP:conf/esop/2015},
  url       = {https://doi.org/10.1007/978-3-662-46669-8_23},
  doi       = {10.1007/978-3-662-46669-8_23},
  timestamp = {Fri, 02 Jun 2017 20:47:42 +0200},
  biburl    = {http://dblp.uni-trier.de/rec/bib/conf/esop/LindleyM15},
  bibsource = {dblp computer science bibliography, http://dblp.org}
}


@article{DBLP:journals/iandc/CostaS87,
  author    = {Gerardo Costa and
               Colin Stirling},
  title     = {Weak and Strong Fairness in {CCS}},
  journal   = {Inf. Comput.},
  volume    = {73},
  number    = {3},
  pages     = {207--244},
  year      = {1987},
  OPTurl       = {http://dx.doi.org/10.1016/0890-5401(87)90013-7},
  doi       = {10.1016/0890-5401(87)90013-7},
  timestamp = {Wed, 06 Jul 2011 21:23:37 +0200},
  biburl    = {http://dblp.uni-trier.de/rec/bib/journals/iandc/CostaS87},
  bibsource = {dblp computer science bibliography, http://dblp.org}
}

@inproceedings{CairesP10,
  author    = {Lu{\'{\i}}s Caires and
               Frank Pfenning},
  title     = {Session Types as Intuitionistic Linear Propositions},
  booktitle = {Proc. of {CONCUR} 2010},
  pages     = {222--236},
  series    = lncs,
  volume    = {6269},
  publisher = {Springer},
  year      = {2010},
  OPTurl       = {http://dx.doi.org/10.1007/978-3-642-15375-4\_16},
  doi       = {10.1007/978-3-642-15375-4\_16},
  timestamp = {Thu, 26 Aug 2010 16:46:17 +0200},
  biburl    = {http://dblp.uni-trier.de/rec/bib/conf/concur/CairesP10},
  bibsource = {dblp computer science bibliography, http://dblp.org}
}

@inproceedings{ToninhoCP11,
  author    = {Bernardo Toninho and
               Lu{\'{\i}}s Caires and
               Frank Pfenning},
  title     = {Dependent session types via intuitionistic linear type theory},
  booktitle_ = {Proceedings of the 13th International {ACM} {SIGPLAN} Conference on
               Principles and Practice of Declarative Programming (PPDP)},
  booktitle = {PPDP},
  pages     = {161--172},
  year      = {2011},
  publisher = {ACM},
  crossref_  = {DBLP:conf/ppdp/2011},
  url       = {http://doi.acm.org/10.1145/2003476.2003499},
  doi       = {10.1145/2003476.2003499},
  timestamp = {Tue, 18 Oct 2011 19:22:42 +0200},
  biburl    = {http://dblp.uni-trier.de/rec/bib/conf/ppdp/ToninhoCP11},
  bibsource = {dblp computer science bibliography, http://dblp.org}
}

@book{Dardha16,
  author    = {Ornela Dardha},
  title     = {Type Systems for Distributed Programs: Components and Sessions},
  series    = {Atlantis Studies in Computing},
  volume    = {7},
  publisher = {Springer / Atlantis Press},
  year      = {2016},
  url       = {https://doi.org/10.2991/978-94-6239-204-5},
  doi       = {10.2991/978-94-6239-204-5},
  isbn      = {978-94-6239-203-8},
  timestamp = {Tue, 30 May 2017 18:04:20 +0200},
  biburl    = {http://dblp.org/rec/bib/series/atlantissc/Dardha16},
  bibsource = {dblp computer science bibliography, http://dblp.org}
}

@inproceedings{DBLP:conf/tgc/ToninhoCP14,
  author    = {Bernardo Toninho and
               Lu{\'{\i}}s Caires and
               Frank Pfenning},
  title     = {Corecursion and Non-divergence in Session-Typed Processes},
  booktitle = {Proc. of {TGC} 2014},
  pages     = {159--175},
  volume    = {8902},
  publisher = {Springer},
  series    = lncs,
  year      = {2014},
  OPTurl       = {http://dx.doi.org/10.1007/978-3-662-45917-1\_11},
  doi       = {10.1007/978-3-662-45917-1\_11},
  timestamp = {Wed, 25 Feb 2015 12:16:05 +0100},
  biburl    = {http://dblp.uni-trier.de/rec/bib/conf/tgc/ToninhoCP14},
  bibsource = {dblp computer science bibliography, http://dblp.org}
}
@proceedings{DBLP:conf/tgc/2014,
  editor    = {Matteo Maffei and
               Emilio Tuosto},
  title     = {Trustworthy Global Computing - 9th International Symposium, {TGC}
               2014, Rome, Italy, September 5-6, 2014. Revised Selected Papers},
  series    = lncs,
  volume    = {8902},
  publisher = {Springer},
  year      = {2014},
  url       = {http://dx.doi.org/10.1007/978-3-662-45917-1},
  doi       = {10.1007/978-3-662-45917-1},
  isbn      = {978-3-662-45916-4},
  timestamp = {Wed, 25 Feb 2015 12:14:29 +0100},
  biburl    = {http://dblp.uni-trier.de/rec/bib/conf/tgc/2014},
  bibsource = {dblp computer science bibliography, http://dblp.org}
}


@inproceedings{VieiraV13,
  author    = {Hugo Torres Vieira and
               Vasco Thudichum Vasconcelos},
  title     = {Typing Progress in Communication-Centred Systems},
  booktitle_ = {Proceedings of the 15th International Conference on Coordination Models and Languages (COORDINATION)},
  booktitle = {COORDINATION},
  pages     = {236--250},
  volume    = {7890},
  publisher = {Springer},
  year      = {2013},
    series_    = {Lecture Notes in Computer Science},
  series    = {LNCS},
  OPTurl       = {http://dx.doi.org/10.1007/978-3-642-38493-6\_17},
  doi       = {10.1007/978-3-642-38493-6\_17},
  timestamp = {Wed, 22 May 2013 20:35:45 +0200},
  biburl    = {http://dblp.uni-trier.de/rec/bib/conf/coordination/VieiraV13},
  bibsource = {dblp computer science bibliography, http://dblp.org}
}
@proceedings{DBLP:conf/coordination/2013,
  editor    = {Rocco De Nicola and
               Christine Julien},
  title     = {Coordination Models and Languages, 15th International Conference,
               {COORDINATION} 2013, Held as Part of the 8th International Federated
               Conference on Distributed Computing Techniques, DisCoTec 2013, Florence,
               Italy, June 3-5, 2013. Proceedings},
  series    = lncs,
  volume    = {7890},
  publisher = {Springer},
  year      = {2013},
  url       = {http://dx.doi.org/10.1007/978-3-642-38493-6},
  doi       = {10.1007/978-3-642-38493-6},
  isbn      = {978-3-642-38492-9},
  timestamp = {Wed, 22 May 2013 20:28:09 +0200},
  biburl    = {http://dblp.uni-trier.de/rec/bib/conf/coordination/2013},
  bibsource = {dblp computer science bibliography, http://dblp.org}
}

@misc{CairesCFest14,
 author = {Lu\'{\i}s Caires},
 title = {Types and Logic, Concurrency and Non-Determinism},
 howpublished ={In \emph{Essays for the Luca Cardelli Fest}---Microsoft Research Technical Report MSR-TR-2014-104},
 _url          = {http://research.microsoft.com/apps/pubs/default.aspx?id=226237},
 _month        = {September},
year         = {2014},
}

@proceedings{DBLP:conf/concur/2014,
  editor    = {Paolo Baldan and
               Daniele Gorla},
  title     = {{CONCUR} 2014 - Concurrency Theory - 25th International Conference,
               {CONCUR} 2014, Rome, Italy, September 2-5, 2014. Proceedings},
  series    = lncs,
  volume    = {8704},
  publisher = {Springer},
  year      = {2014},
  url       = {http://dx.doi.org/10.1007/978-3-662-44584-6},
  doi       = {10.1007/978-3-662-44584-6},
  isbn      = {978-3-662-44583-9},
  timestamp = {Tue, 09 Sep 2014 10:21:05 +0200},
  biburl    = {http://dblp.uni-trier.de/rec/bib/conf/concur/2014},
  bibsource = {dblp computer science bibliography, http://dblp.org}
}

@inproceedings{DBLP:conf/ecoopw/HondaT91,
  author    = {Kohei Honda and
               Mario Tokoro},
  title     = {On Asynchronous Communication Semantics},
  booktitle = {Object-Based Concurrent Computing, ECOOP'91 Workshop, Proceedings},
  pages     = {21--51},
  year      = {1991},
  crossref  = {DBLP:conf/ecoopw/1991},
  doi       = {10.1007/3-540-55613-3\_2},
  biburl    = {http://dblp.uni-trier.de/rec/bib/conf/ecoopw/HondaT91},
  bibsource = {dblp computer science bibliography, http://dblp.org}
}

@proceedings{DBLP:conf/ecoopw/1991,
  editor    = {Mario Tokoro and
               Oscar Nierstrasz and
               Peter Wegner},
  title     = {Object-Based Concurrent Computing, ECOOP'91 Workshop, Geneva, Switzerland,
               July 15-16, 1991, Proceedings},
  series    = lncs,
  volume    = {612},
  publisher = {Springer},
  year      = {1992},
  isbn      = {3-540-55613-3},
  timestamp = {Mon, 22 Apr 2002 11:23:15 +0200},
  biburl    = {http://dblp.uni-trier.de/rec/bib/conf/ecoopw/1991},
  bibsource = {dblp computer science bibliography, http://dblp.org}
}

@article{Corradini1998,
author = {Corradini, F. and Gorrieri, R. and Marchignoli, D.},
journal = {RAIRO - Theoretical Informatics and Applications - Informatique Th\'{e}orique et Applications},
language = {eng},
number = {4-6},
pages = {99-125},
publisher = {EDP Sciences},
title = {Towards parallelization of concurrent systems},
url = {http://eudml.org/doc/92586},
volume = {32},
year = {1998}
}

@InProceedings{P14,
  author  = {Luca Padovani},
  title   = {{Deadlock and Lock Freedom in the Linear $\pi$-Calculus}},
  booktitle = {CSL-LICS},
  year    = {2014},
  pages   = {72:1-72:10},
  publisher = {ACM},
  url   = {http://hal.inria.fr/docs/00/93/33/44/PDF/main.pdf},
  doi   = {10.1145/2603088.2603116}
}

@inproceedings{GR13,
  author    = {Marco Giunti and
               Ant{\'o}nio Ravara},
  title     = {Towards Static Deadlock Resolution in the -Calculus},
  booktitle = {TGC},
  year      = {2013},
  pages     = {136-155},
  ee        = {http://dx.doi.org/10.1007/978-3-319-05119-2_9},
  bibsource = {DBLP, http://dblp.uni-trier.de}
}

@article{CairesPT12,
  author    = {Lu\'{\i}s Caires and
               Frank Pfenning and Bernardo Toninho},
  title     = {Linear Logic Propositions as Session Types},
  journal = {MSCS},
  year      = {2014},
  OPTee = {http://dx.doi.org/10.1017/S0960129514000218},
  doi = {10.1017/S0960129514000218},
  }
  
  
  @inproceedings{DBLP:conf/icfp/Wadler12,
  author    = {Philip Wadler},
  title     = {Propositions as sessions},
  booktitle = {Proc. of {ICFP}'12},
  pages     = {273--286},
  year      = {2012},
  OPTurl       = {http://doi.acm.org/10.1145/2364527.2364568},
  doi       = {10.1145/2364527.2364568},
  timestamp = {Fri, 07 Sep 2012 13:31:36 +0200},
  biburl    = {http://dblp.uni-trier.de/rec/bib/conf/icfp/Wadler12},
  bibsource = {dblp computer science bibliography, http://dblp.org}
}

@article{Wadler15,
  author    = {Philip Wadler},
  title     = {Propositions as types},
  journal   = {Communications of the {ACM}},
  volume    = {58},
  number    = {12},
  pages     = {75--84},
  year      = {2015},
  _url       = {http://doi.acm.org/10.1145/2699407},
  _doi       = {10.1145/2699407},
  timestamp = {Mon, 28 Dec 2015 19:43:19 +0100},
  biburl    = {http://dblp.uni-trier.de/rec/bib/journals/cacm/Wadler15},
  bibsource = {dblp computer science bibliography, http://dblp.org}
}

@article{Gorla10,
  author    = {Daniele Gorla},
  title     = {Towards a unified approach to encodability and separation results
               for process calculi},
  journal   = {Inf. Comput.},
  volume    = {208},
  number    = {9},
  pages     = {1031--1053},
  year      = {2010},
  OPTurl       = {http://dx.doi.org/10.1016/j.ic.2010.05.002},
  doi       = {10.1016/j.ic.2010.05.002},
  timestamp = {Tue, 02 Nov 2010 11:46:44 +0100},
  biburl    = {http://dblp.uni-trier.de/rec/bib/journals/iandc/Gorla10},
  bibsource = {dblp computer science bibliography, http://dblp.org}
}
}

@inproceedings{DardhaP15,
  author    = {Ornela Dardha and
               Jorge A. P{\'{e}}rez},
  title     = {Comparing Deadlock-Free Session Typed Processes},
  booktitle = {EXPRESS/SOS},
  pages     = {1--15},
  year      = {2015},
  series    = {EPTCS},
  volume    = {190},
  crossref_  = {DBLP:journals/corr/CrafaG15},
  url       = {https://doi.org/10.4204/EPTCS.190.1},
  doi       = {10.4204/EPTCS.190.1},
  timestamp = {Mon, 05 Jun 2017 20:50:58 +0200},
  biburl    = {http://dblp.uni-trier.de/rec/bib/journals/corr/DardhaP15},
  bibsource = {dblp computer science bibliography, http://dblp.org}
}

@misc{CDM14Ext,
  author  = {Marco Carbone and Ornela Dardha and Fabrizio Montesi},
  title   = {Progress as Compositional Lock-freedom},
  year    = {2014},
  type    = {Online version.},
  note    = {\url{http://www.dcs.gla.ac.uk/~ornela/my_papers/CDM-Extended.pdf}}
}

@misc{D14Ext,
  author  = {Ornela Dardha},
  title   = {Recursive Session Types Revisited},
  year    = {2014},
  type    = {Online version.},
  note    = {\url{http://www.dcs.gla.ac.uk/~ornela/my_papers/D14-Extended.pdf}}
}

@phdthesis{DardhaPhDThesis,
 author  = {Ornela Dardha},
 title   = {Type Systems for Distributed Programs: Components and Sessions},
 school  = {University of Bologna},
 year    = {2014},
 note    = {\url{http://www.dcs.gla.ac.uk/~ornela/my_papers/DardhaPhDThesis.pdf}}
}

@misc{BDGK14,
  author        = {Giovanni Bernardi and
                   Ornela Dardha and
                   Simon J. Gay and 
                   Dimitrios Kouzapas},
  title	        = {On duality relations for session types},
  howpublished  = {To appear in Proc. of TGC},
  year          = {2014}
}

@misc{BDGK14Ext,
  author        = {Giovanni Bernardi and
                   Ornela Dardha and
                   Simon J. Gay and 
                   Dimitrios Kouzapas},
  title         = {On duality relations for session types},
  howpublished  = {To appear in Proc. of TGC},
  year          = {2014},
  type          = {Online version.},
  note          = {\url{http://www.dcs.gla.ac.uk/~ornela/my_papers/BDGK14-Extended.pdf}}
}

@inproceedings{CDM14,
  author    = {Marco Carbone and
               Ornela Dardha and
               Fabrizio Montesi},
  title     = {Progress as Compositional Lock-Freedom},
  booktitle = {COORDINATION},
  publisher = {Springer},
  series    = {LNCS},
  OPTurl    = {http://dx.doi.org/10.1007/978-3-662-43376-8\_4},
  doi       = {10.1007/978-3-662-43376-8\_4},
  volume    = {8459},
  pages     = {49-64},
  year      = {2014}
}

@inproceedings{DGL13,
  author    = {Ornela Dardha and
               Elena Giachino and
               Michael Lienhardt},
  title     = {A Type System for Components},
  booktitle = {SEFM},
  year      = {2013},
  pages     = {167-181},
  ee        = {http://dx.doi.org/10.1007/978-3-642-40561-7_12},
  bibsource = {DBLP, http://dblp.uni-trier.de}
}

@inproceedings{DGV13,
  author    = {Ornela Dardha and
               Daniele Gorla and
               Daniele Varacca},
  title     = {Semantic Subtyping for Objects and Classes},
  booktitle = {FMOODS/FORTE},
  year      = {2013},
  pages     = {66-82},
  ee        = {http://dx.doi.org/10.1007/978-3-642-38592-6_6},
  bibsource = {DBLP, http://dblp.uni-trier.de}
}

@inproceedings{DGS12,
 author    = {Ornela Dardha and
               Elena Giachino and
               Davide Sangiorgi},
  title     = {Session types revisited},
  booktitle = {PPDP},
  pages     = {139--150},
    publisher = {{ACM}},
  year      = {2012},
  OPTurl    = {http://doi.acm.org/10.1145/2370776.2370794},
  doi       = {10.1145/2370776.2370794},
  timestamp = {Sun, 11 Nov 2012 19:37:26 +0100},
  biburl    = {http://dblp.uni-trier.de/rec/bib/conf/ppdp/DardhaGS12},
  bibsource = {dblp computer science bibliography, http://dblp.org}
}
@proceedings{DBLP:conf/ppdp/2012,
  title     = {Principles and Practice of Declarative Programming, PPDP'12, Leuven,
               Belgium - Sept. 19 - 21, 2012},
  publisher = {{ACM}},
  year      = {2012},
  url       = {http://dl.acm.org/citation.cfm?id=2370776},
  isbn      = {978-1-4503-1522-7},
  timestamp = {Sun, 11 Nov 2012 19:34:31 +0100},
  biburl    = {http://dblp.uni-trier.de/rec/bib/conf/ppdp/2012},
  bibsource = {dblp computer science bibliography, http://dblp.org}
}

@inproceedings{D14,
  author    = {Ornela Dardha},
  title     = {Recursive Session Types Revisited},
  booktitle = {BEAT},
  pages     = {27--34},
  year      = {2014},
  series    = {{EPTCS}},
  volume    = {162},
  url       = {https://doi.org/10.4204/EPTCS.162.4},
  doi       = {10.4204/EPTCS.162.4},
  timestamp = {Sat, 16 Sep 2017 12:06:16 +0200},
  biburl    = {http://dblp.uni-trier.de/rec/bib/journals/corr/Dardha14},
  bibsource = {dblp computer science bibliography, http://dblp.org}
}

@article{BP12,
  author    = {Viviana Bono and
               Luca Padovani},
  title     = {Typing Copyless Message Passing},
  journal   = {Logical Methods in Computer Science},
  volume    = {8},
  number    = {1},
  year      = {2012},
  ee        = {http://dx.doi.org/10.2168/LMCS-8(1:17)2012},
  bibsource = {DBLP, http://dblp.uni-trier.de}
}


@article{BH13,
  author    = {Giovanni Bernardi and
               Matthew Hennessy},
  title     = {Using higher-order contracts to model session types},
  journal   = {CoRR},
  volume    = {abs/1310.6176},
  year      = {2013},
  ee        = {http://arxiv.org/abs/1310.6176},
  bibsource = {DBLP, http://dblp.uni-trier.de}
}


@inproceedings{VCS08,
  author    = {Hugo Torres Vieira and
               Lu\'{\i}s Caires and
               Jo{\~a}o Costa Seco},
  title     = {The Conversation Calculus: A Model of Service-Oriented
                  Computation},
  booktitle = {ESOP'08},
  year      = {2008},
  pages     = {269--283},
  volume    = {4960},
  publisher = {Springer-Verlag},
  address   = {Heidelberg, Germany},
}


@inproceedings{CV09,
  author    = {Lu\'{\i}s Caires and
               Hugo Torres Vieira},
  title     = {Conversation Types},
  booktitle = {ESOP'09},
  year      = {2009},
  pages     = {285--300},
  series    = {LNCS},
  publisher = {Springer-Verlag},
  volume    = {5502},
  address   = {Heidelberg, Germany},
}


@article{CV10,
  author    = {Lu\'{\i}s Caires and
               Hugo Torres Vieira},
  title     = {Conversation types},
  journal   = {Theoretical Computer Science},
  volume    = {411},
  number    = {51-52},
  year      = {2010},
  pages     = {4399-4440},
  ee        = {http://dx.doi.org/10.1016/j.tcs.2010.09.010},
  bibsource = {DBLP, http://dblp.uni-trier.de}
}


@article{KMLA11,
  author    = {Christian Krause and
               Ziyan Maraikar and
               Alexander Lazovik and
               Farhad Arbab},
  title     = {Modeling dynamic reconfigurations in Reo using high-level
               replacement systems},
  journal   = {Sci. Comput. Program.},
  volume    = {76},
  number    = {1},
  year      = {2011},
  pages     = {23-36},
  ee        = {http://dx.doi.org/10.1016/j.scico.2009.10.006},
  bibsource = {DBLP, http://dblp.uni-trier.de}
}


@inproceedings{Gorla08,
  author    = {Daniele Gorla},
  title     = {Towards a Unified Approach to Encodability and Separation
               Results for Process Calculi},
  booktitle = {CONCUR},
  year      = {2008},
  pages     = {492-507},
  ee        = {http://dx.doi.org/10.1007/978-3-540-85361-9_38},
  bibsource = {DBLP, http://dblp.uni-trier.de}
}


@inproceedings{CM13,
  author     = {Marco Carbone and Fabrizio Montesi},
  title	     = {Deadlock-freedom-by-design: multiparty asynchronous global programming},
  booktitle  = {POPL},
  year       = {2013},
  pages      = {263-274},
  bibsource  = {DBLP, http://dblp.uni-trier.de}
}


@inproceedings{MC11,
  author    = {Fabrizio Montesi and
               Marco Carbone},
  title     = {Programming Services with Correlation Sets},
  booktitle = {ICSOC},
  year      = {2011},
  pages     = {125-141}
}


@inproceedings{MY13,
  author    = {Fabrizio Montesi and
               Nobuko Yoshida},
  title     = {Compositional Choreographies},
  booktitle = {CONCUR},
  year      = {2013},
  pages     = {425-439},
  ee        = {http://dx.doi.org/10.1007/978-3-642-40184-8_30},
  bibsource = {DBLP, http://dblp.uni-trier.de}
}


@article{CS87,
author    = {Gerardo Costa and Colin Stirling},
title     = {Weak and strong fairness in CCS},
journal   = {Information and Computation},
volume    = {73},
number    = {3},
pages     = {207 - 244},
year      = {1987},
issn      = {0890-5401},
doi       = {http://dx.doi.org/10.1016/0890-5401(87)90013-7},
url       = {http://www.sciencedirect.com/science/article/pii/0890540187900137}
}


@incollection{E90,
 author   = {Emerson, E. Allen},
 chapter  = {Temporal and modal logic},
 title    = {Handbook of theoretical computer science (vol. B)},
 editor   = {van Leeuwen, Jan},
 year     = {1990},
 isbn     = {0-444-88074-7},
 pages    = {995--1072},
 numpages = {78},
 url      = {http://dl.acm.org/citation.cfm?id=114891.114907},
 acmid    = {114907},
 publisher = {MIT Press},
 address   = {Cambridge, MA, USA},
} 


@article{YS07,
 author    = {Deng, Yuxin and Sangiorgi, Davide},
 title     = {Ensuring termination by typability},
 journal   = {Inf. Comput.},
 volume    = {204},
 number    = {7},
 year      = {2006},
 issn      = {0890-5401},
 pages     = {1045--1082},
 doi       = {http://dx.doi.org/10.1016/j.ic.2006.03.002},
 publisher = {Academic Press, Inc.},
 address   = {Duluth, MN, USA},
}


@article{S06,
 author    = {Sangiorgi, Davide},
 title     = {Termination of processes},
 journal   = {Mathematical. Structures in Comp. Sci.},
 volume    = {16},
 number    = {1},
 year      = {2006},
 issn      = {0960-1295},
 pages     = {1--39},
 doi       = {http://dx.doi.org/10.1017/S0960129505004810},
 publisher = {Cambridge University Press},
 address   = {New York, NY, USA},
}


@article{S98,
  author    = {Davide Sangiorgi},
  title     = {An Interpretation of Typed Objects into Typed pi-Calculus},
  journal   = {Inf. Comput.},
  volume    = {143},
  number    = {1},
  year      = {1998},
  pages     = {34-73},
  ee        = {http://dx.doi.org/10.1006/inco.1998.2711},
  bibsource = {DBLP, http://dblp.uni-trier.de}
}


@article{YBH04,
 author    = {Yoshida, Nobuko and Berger, Martin and Honda, Kohei},
 title     = {Strong normalisation in the $\pi$-calculus},
 journal   = {Inf. Comput.},
 volume    = {191},
 number    = {2},
 year      = {2004},
 issn      = {0890-5401},
 pages     = {145--202},
 doi       = {http://dx.doi.org/10.1016/j.ic.2003.08.004},
 publisher = {Academic Press, Inc.},
 address   = {Duluth, MN, USA},
}


@article{K98,
 author    = {Kobayashi, Naoki},
 title     = {A partially deadlock-free typed process calculus},
 journal   = {ACM Transactions on Programming Languages and Systems},
 volume    = {20},
 number    = {2},
 year      = {1998},
 issn      = {0164-0925},
 pages     = {436--482},
 doi       = {http://doi.acm.org/10.1145/276393.278524},
publisher  = {ACM},
address    = {New York, NY, USA},
}


@inproceedings{KSS00,
 author    = {Naoki Kobayashi and
             Shin Saito and
             Eijiro Sumii},
 title     = {An Implicitly-Typed Deadlock-Free Process Calculus},
 booktitle = {CONCUR},
 year      = {2000},
 pages     = {489--503},
 ee        = {http://link.springer.de/link/service/series/0558/bibs/1877/18770489.htm},
 bibsource = {DBLP, http://dblp.uni-trier.de}
}


@misc{TYPICAL,
 author		= {Naoki Kobayashi},
 title		= {{TyPiCal}: Type-Based Static Analyzer for the Pi-Calculus},
 howpublished   = {\url{www-kb.is.s.u-tokyo.ac.jp/~koba/typical}}
}


@inproceedings{K00,
  author    = {Naoki Kobayashi},
  title     = {Type Systems for Concurrent Processes: From Deadlock-Freedom
               to Livelock-Freedom, Time-Boundedness},
  booktitle = {IFIP TCS},
  year      = {2000},
  pages     = {365--389},
  ee        = {http://dx.doi.org/10.1007/3-540-44929-9_27},
  bibsource = {DBLP, http://dblp.uni-trier.de}
}


@article{K02,
  author    = {Naoki Kobayashi},
  title     = {A Type System for Lock-Free Processes},
  journal   = {Information and Computation},
  volume    = {177},
  number    = {2},
  pages     = {122--159},
  year      = {2002},
  OPTurl       = {http://dx.doi.org/10.1006/inco.2002.3171},
  doi       = {10.1006/inco.2002.3171},
  timestamp = {Fri, 19 Jul 2013 09:37:21 +0200},
  biburl    = {http://dblp.uni-trier.de/rec/bib/journals/iandc/Kobayashi02},
  bibsource = {dblp computer science bibliography, http://dblp.org}
}


@article{KS10,
  author    = {Naoki Kobayashi and
               Davide Sangiorgi},
  title     = {A hybrid type system for lock-freedom of mobile processes},
  journal   = {ACM Transactions on Programming Languages and Systems},
  volume    = {32},
  number    = {5},
  year      = {2010},
  ee        = {http://doi.acm.org/10.1145/1745312.1745313},
  bibsource = {DBLP, http://dblp.uni-trier.de}
}


@inproceedings{K06,
  author    = {Naoki Kobayashi},
  title     = {A New Type System for Deadlock-Free Processes},
  booktitle_ = {Proceedings of the 17th International Conference on Concurrency Theory (CONCUR)},
  booktitle  = {CONCUR},
  pages     = {233--247},
  series_    = {Lecture Notes in Computer Science},
  series    = {LNCS},
  volume    = {4137},
  publisher = {Springer},
  year      = {2006},
  OPTurl       = {http://dx.doi.org/10.1007/11817949\_16},
  _doi       = {10.1007/11817949\_16},
  timestamp = {Fri, 19 Jul 2013 09:37:20 +0200},
  biburl    = {http://dblp.uni-trier.de/rec/bib/conf/concur/Kobayashi06},
  bibsource = {dblp computer science bibliography, http://dblp.org}
}

@inproceedings{GiachinoKL14,
  author    = {Elena Giachino and
               Naoki Kobayashi and
               Cosimo Laneve},
  title     = {Deadlock Analysis of Unbounded Process Networks},
  booktitle_ = {Proceedings of the 25th International Conference on Concurrency Theory (CONCUR)},
  booktitle = {CONCUR},
  pages     = {63--77},
  series_    = {Lecture Notes in Computer Science},
  series    = {LNCS},
  publisher = {Springer},
  volume    = {8704},
  year      = {2014},
  url       = {http://dx.doi.org/10.1007/978-3-662-44584-6_6},
  doi       = {10.1007/978-3-662-44584-6\_6},
  timestamp = {Sun, 21 Sep 2014 18:54:10 +0200},
  biburl    = {http://dblp.uni-trier.de/rec/bib/conf/concur/GiachinoKL14},
  bibsource = {dblp computer science bibliography, http://dblp.org}
}

@proceedings{DBLP:conf/concur/2006,
  editor    = {Christel Baier and
               Holger Hermanns},
  title     = {{CONCUR} 2006 - Concurrency Theory, 17th International Conference,
               {CONCUR} 2006, Bonn, Germany, August 27-30, 2006, Proceedings},
  series    = lncs,
  volume    = {4137},
  publisher = {Springer},
  year      = {2006},
  isbn      = {3-540-37376-4},
  timestamp = {Tue, 22 Aug 2006 11:14:06 +0200},
  biburl    = {http://dblp.uni-trier.de/rec/bib/conf/concur/2006},
  bibsource = {dblp computer science bibliography, http://dblp.org}
}


@article{K05,
  author    = {Naoki Kobayashi},
  title     = {Type-based information flow analysis for the pi-calculus},
  journal   = {Acta Inf.},
  volume    = {42},
  number    = {4-5},
  year      = {2005},
  pages     = {291-347},
  ee        = {http://dx.doi.org/10.1007/s00236-005-0179-x},
  bibsource = {DBLP, http://dblp.uni-trier.de}
}

@inproceedings{kobap,
  author    = {Naoki Kobayashi},
  title     = {Type Systems for Concurrent Programs},
  booktitle = {10th Anniversary Colloquium of UNU/IIST},
  year      = {2002},
  pages     = {439-453},
  ee        = {http://dx.doi.org/10.1007/978-3-540-40007-3_26}
}

@unpublished{Koba07,
author   ={Naoki Kobayashi},
title    = {Type Systems for Concurrent Programs},
year     = 2007,
note={Extended version of \cite{kobap}, Tohoku University},
}

@inproceedings{IK01,
  author    = {Atsushi Igarashi and Naoki Kobayashi},
  title     = {A Generic Type System for the Pi-Calculus},
  booktitle = {Proc. of the 28th Annual ACM SIGPLAN-SIGACT
              Symposium on Principles of Programming Languages
              (POPL'01)},
  pages     = {128--141},
  volume    = {36(3)},
  publisher = {ACM Press},
  address   = {New York, NY, USA},
  year      = {2001}, 
}


@inproceedings{K02bis,
  author    = {Naoki Kobayashi},
  title     = {Type Systems for Concurrent Programs},
  booktitle = {10th Anniversary Colloquium of UNU/IIST},
  year      = {2002},
  pages     = {439-453}
}



@inproceedings{K07,
  author    = {Naoki Kobayashi},
  title     = {Type Systems for Concurrent Programs},
  booktitle = {Formal Methods at the Crossroads},
  pages     = {439--453},
  series    = lncs,
  volume    = {2757},
  publisher = {Springer},
  year      = {2003},
  OPTurl       = {http://dx.doi.org/10.1007/978-3-540-40007-3\_26},
  doi       = {10.1007/978-3-540-40007-3\_26},
  timestamp = {Fri, 19 Jul 2013 09:37:21 +0200},
  biburl    = {http://dblp.uni-trier.de/rec/bib/conf/unu/Kobayashi02},
  bibsource = {dblp computer science bibliography, http://dblp.org},
}


@proceedings{DBLP:conf/unu/2002,
  editor    = {Bernhard K. Aichernig and
               T. S. E. Maibaum},
  title     = {Formal Methods at the Crossroads. From Panacea to Foundational Support,
               10th Anniversary Colloquium of UNU/IIST, the International Institute
               for Software Technology of The United Nations University, Lisbon,
               Portugal, March 18-20, 2002, Revised Papers},
  series    = lncs,
  volume    = {2757},
  publisher = {Springer},
  year      = {2003},
  isbn      = {3-540-20527-6},
  timestamp = {Tue, 09 Mar 2004 16:32:15 +0100},
  biburl    = {http://dblp.uni-trier.de/rec/bib/conf/unu/2002},
  bibsource = {dblp computer science bibliography, http://dblp.org}
}


@inproceedings{P13,
  author    = {Luca Padovani},
  title     = {From Lock Freedom to Progress Using Session Types},
  booktitle_ = {Proceedings of the 6th International Workshop on Programming Language Approaches to Concurrency and Communication-Centric Software (PLACES)},
  booktitle = {PLACES},
  _booktitle = {Proceedings of {PLACES} 2013, Rome, Italy, 23rd
               March 2013.},
  pages     = {3--19},
  series_    = {Electronic Proceedings in Theoretical Computer Science},
  series    = {EPTCS},
  volume    = {137},
  year      = {2013},
  OPTurl       = {http://dx.doi.org/10.4204/EPTCS.137.2},
  _doi       = {10.4204/EPTCS.137.2},
  timestamp = {Tue, 01 Jul 2014 17:30:23 +0200},
  biburl    = {http://dblp.uni-trier.de/rec/bib/journals/corr/Padovani13},
  bibsource = {dblp computer science bibliography, http://dblp.org}
}



@proceedings{DBLP:journals/corr/YoshidaV13,
  editor    = {Nobuko Yoshida and
               Wim Vanderbauwhede},
  title     = {Proceedings 6th Workshop on Programming Language Approaches to Concurrency
               and Communication-cEntric Software, {PLACES} 2013, Rome, Italy, 23rd
               March 2013},
  series    = {{EPTCS}},
  volume    = {137},
  year      = {2013},
  url       = {http://dx.doi.org/10.4204/EPTCS.137},
  doi       = {10.4204/EPTCS.137},
  timestamp = {Tue, 01 Jul 2014 17:30:23 +0200},
  biburl    = {http://dblp.uni-trier.de/rec/bib/journals/corr/YoshidaV13},
  bibsource = {dblp computer science bibliography, http://dblp.org}
}


@article{PV05,
 title       = {Recursion vs Replication in Process Calculi: Expressiveness},
 author      = {Palamidessi, Catuscia and Valencia, Frank, D.},
 publisher   = {ENTCS},
 pages       = {105-125},
 journal     = {Bulletin of the European Association for Theoretical Computer Science},
 volume      = {87},
 year        = {2005},
 pdf         = {http://hal.inria.fr/inria-00201158/PDF/recrep.pdf},
}


@inproceedings{MS10,
  author    = {Fabrizio Montesi and
               Davide Sangiorgi},
  title     = {A Model of Evolvable Components},
  booktitle = {TGC},
  year      = {2010},
  pages     = {153-171},
  ee        = {http://dx.doi.org/10.1007/978-3-642-15640-3_11},
  bibsource = {DBLP, http://dblp.uni-trier.de}
}


@inproceedings{CD10,
  author    = {Marco Carbone and
               S{\o}ren Debois},
  title     = {A Graphical Approach to Progress for Structured Communication in Web
               Services},
  booktitle = {Proc. of  {ICE} 2010, Amsterdam, The Netherlands, 10th of June
               2010.},
  pages     = {13--27},
  year      = {2010},
  series    = {{EPTCS}},
  volume    = {38},
  OPTurl       = {http://dx.doi.org/10.4204/EPTCS.38.4},
  doi       = {10.4204/EPTCS.38.4},
  timestamp = {Sat, 14 Jun 2014 18:13:37 +0200},
  biburl    = {http://dblp.uni-trier.de/rec/bib/journals/corr/abs-1010-5566},
  bibsource = {dblp computer science bibliography, http://dblp.org}
}
@proceedings{DBLP:journals/corr/abs-1010-5308,
  title     = {Proceedings Third Interaction and Concurrency Experience: Guaranteed
               Interaction, {ICE} 2010, Amsterdam, The Netherlands, 10th of June
               2010},
  series    = {{EPTCS}},
  volume    = {38},
  year      = {2010},
  url       = {http://dx.doi.org/10.4204/EPTCS.38},
  doi       = {10.4204/EPTCS.38},
  timestamp = {Sat, 14 Jun 2014 18:13:37 +0200},
  biburl    = {http://dblp.uni-trier.de/rec/bib/journals/corr/abs-1010-5308},
  bibsource = {dblp computer science bibliography, http://dblp.org}
}


@inproceedings{HYC08,
  author    = {Kohei Honda and
               Nobuko Yoshida and
               Marco Carbone},
  title     = {Multiparty asynchronous session types},
  booktitle = {Proc. of POPL},
  year      = {2008},
  pages     = {273-284},
  volume    = {43(1)},
  publisher = {ACM},
  ee        = {http://doi.acm.org/10.1145/1328438.1328472},
  bibsource = {DBLP, http://dblp.uni-trier.de}
}


@inproceedings{DH11,
  author    = {Romain Demangeon and
               Kohei Honda},
  title     = {Full Abstraction in a Subtyped pi-Calculus with Linear Types},
  booktitle = {CONCUR'11},
  year      = {2011},
  pages     = {280-296},
  ee        = {http://dx.doi.org/10.1007/978-3-642-23217-6_19}
}


@inproceedings{DGDY06,
  author    = {Mariangiola Dezani-Ciancaglini and
               Elena Giachino and
               Sophia Drossopoulou and
               Nobuko Yoshida},
  title     = {Bounded Session Types for Object Oriented Languages},
  booktitle = {FMCO},
  year      = {2006},
  pages     = {207-245},
  ee        = {http://dx.doi.org/10.1007/978-3-540-74792-5_10},
  bibsource = {DBLP, http://dblp.uni-trier.de}
}


@inproceedings{DYAD05,
  author    = {Mariangiola Dezani-Ciancaglini and
               Nobuko Yoshida and
               Alexander Ahern and
               Sophia Drossopoulou},
  title     = {A Distributed Object-Oriented Language with Session Types},
  booktitle = {TGC},
  year      = {2005},
  pages     = {299--318},
  ee        = {http://dx.doi.org/10.1007/11580850_16},
  bibsource = {DBLP, http://dblp.uni-trier.de}
}


@article{CCDDG09,
  author    = {Sara Capecchi and
               Mario Coppo and
               Mariangiola Dezani-Ciancaglini and
               Sophia Drossopoulou and
               Elena Giachino},
  title     = {Amalgamating sessions and methods in object-oriented languages
               with generics},
  journal   = {Theor. Comput. Sci.},
  volume    = {410},
  number    = {2--3},
  year      = {2009},
  pages     = {142--167},
  ee        = {http://dx.doi.org/10.1016/j.tcs.2008.09.016},
  bibsource = {DBLP, http://dblp.uni-trier.de}
}


@inproceedings{BCDDDY08,
  author    = {Lorenzo Bettini and
               Mario Coppo and
               Loris D'Antoni and
               Marco De Luca and
               Mariangiola Dezani-Ciancaglini and
               Nobuko Yoshida},
  title     = {Global Progress in Dynamically Interleaved Multiparty Sessions},
  booktitle_ = {Proceedings of the 19th International Conference on Concurrency Theory (CONCUR)},
  booktitle = {CONCUR},
  year      = {2008},
  series_    = {Lecture Notes in Computer Science},
  series    = {LNCS},
  publisher = {Springer},
  volume    = {5201},
  pages     = {418--433},
  ee        = {http://dx.doi.org/10.1007/978-3-540-85361-9_33},
  bibsource = {DBLP, http://dblp.uni-trier.de}
}


@misc{CDY08,
  author  = {Mario Coppo and Mariangiola Dezani-Ciancaglini and Nobuko Yoshida},
  title   = {Global Progress for Dynamically Interleaved Multiparty Sessions (Long Version)},
  year    = 2008,
  note    = "\url{http://www.di.unito.it/~dezani/papers/cdy12.pdf}"
}

@inproceedings{coppo07,
  author    = {Mario Coppo and
               Mariangiola Dezani{-}Ciancaglini and
               Nobuko Yoshida},
  title     = {Asynchronous Session Types and Progress for Object-Oriented Languages},
  booktitle = {Proceedings of the 9th International Conference on Formal Methods for Open Object-Based Distributed Systems (FMOODS)},
  pages     = {1--31},
  series    = {Lecture Notes in Computer Science},
  publisher = {Springer},
  volume    = {4468},
  year      = {2007},
  doi       = {10.1007/978-3-540-72952-5_1},
  timestamp = {Fri, 02 Jun 2017 13:01:07 +0200},
  biburl    = {http://dblp.uni-trier.de/rec/bib/conf/fmoods/CoppoDY07},
  bibsource = {dblp computer science bibliography, http://dblp.org}
}

@inproceedings{DLY07,
  author    = {Mariangiola Dezani{-}Ciancaglini and
               Ugo de'Liguoro and
               Nobuko Yoshida},
  title     = {On Progress for Structured Communications},
  booktitle_ = {Proceedings of the 4th International Symposium on Trustworthy Global Computing (TGC)},
  booktitle = {TGC},
  pages     = {257--275},
  series_    = {Lecture Notes in Computer Science},
  series    = {LNCS},
  volume    = {4912},
  publisher = {Springer},
  year      = {2009},
  OPTurl       = {http://dx.doi.org/10.1007/978-3-540-78663-4\_18},
  doi       = {10.1007/978-3-540-78663-4\_18},
  timestamp = {Tue, 15 Apr 2008 09:55:12 +0200},
  biburl    = {http://dblp.uni-trier.de/rec/bib/conf/tgc/Dezani-CiancaglinidY07},
  bibsource = {dblp computer science bibliography, http://dblp.org}
}

@proceedings{DBLP:conf/tgc/2007,
  title     = {Trustworthy Global Computing, Third Symposium, {TGC} 2007, Sophia-Antipolis,
               France, November 5-6, 2007, Revised Selected Papers},
  series    = lncs,
  volume    = {4912},
  publisher = {Springer},
  year      = {2008},
  isbn      = {978-3-540-78662-7},
  timestamp = {Tue, 15 Apr 2008 09:53:58 +0200},
  biburl    = {http://dblp.uni-trier.de/rec/bib/conf/tgc/2007},
  bibsource = {dblp computer science bibliography, http://dblp.org}
}

@inproceedings{MY07,
  author    = {Dimitris Mostrous and
               Nobuko Yoshida},
  title     = {Two Session Typing Systems for Higher-Order Mobile Processes},
  booktitle = {TLCA},
  year      = {2007},
  pages     = {321-335},
  ee        = {http://dx.doi.org/10.1007/978-3-540-73228-0\_23},
  bibsource = {DBLP, http://dblp.uni-trier.de}
}


@article{V12,
  author    = {Vasco T. Vasconcelos},
  title     = {Fundamentals of session types},
  journal   = {Inf. Comput.},
  volume    = {217},
  pages     = {52--70},
  year      = {2012},
  OPTurl       = {http://dx.doi.org/10.1016/j.ic.2012.05.002},
  doi       = {10.1016/j.ic.2012.05.002},
  timestamp = {Fri, 08 Jun 2012 12:54:48 +0200},
  biburl    = {http://dblp.uni-trier.de/rec/bib/journals/iandc/Vasconcelos12},
  bibsource = {dblp computer science bibliography, http://dblp.org}
}


@inproceedings{V09,
  author    = {Vasco Thudichum Vasconcelos},
  title     = {Fundamentals of Session Types},
  booktitle = {SFM},
  year      = {2009},
  pages     = {158-186},
  ee        = {http://dx.doi.org/10.1007/978-3-642-01918-0_4},
  bibsource = {DBLP, http://dblp.uni-trier.de}
}


@inproceedings{THK94,
title={An Interaction-Based Language and its Typing System},
author={Kaku Takeuchi and Kohei Honda and Makoto Kubo},
booktitle_={Proceedings of the 6th International Conference on Parallel Languages and Architectures Europe (PARLE)},
booktitle={PARLE '94},
pages={398--413},
year={1994},
publisher={Springer},
series_={Lecture Notes in Computer Science},
series={LNCS},
  ee        = {http://dx.doi.org/10.1007/3-540-58184-7_118},
volume={817} }


@inproceedings{DY11,
  author    = {Pierre-Malo Deni{\'e}lou and Nobuko Yoshida},
  title     = {Dynamic multirole session types},
  booktitle = {Proc. of POPL},
  year      = {2011},
  pages     = {435-446},
  publisher = {ACM},
}


@article{YV07,
  author    = {Nobuko Yoshida and
               Vasco Thudichum Vasconcelos},
  title     = {Language Primitives and Type Discipline for Structured Communication-Based
               Programming Revisited: Two Systems for Higher-Order Session
               Communication},
  journal   = {Electr. Notes Theor. Comput. Sci.},
  volume    = {171},
  number    = {4},
  year      = {2007},
  pages     = {73-93},
  ee        = {http://dx.doi.org/10.1016/j.entcs.2007.02.056}
}


@inproceedings{DL09,
  author     = {Dezani-Ciancaglini, Mariangiola and de' Liguoro, Ugo},
  title      = {Sessions and Session Types: an Overview},
  series     = {LNCS},
  booktitle  = {Proc. of the 6th International Workshop on Web Service and Formal Methods (WS-FM'09)},
  publisher  = {springer},
  address    = {Heidelberg, Germany},
  year       = {2009}
}


@inproceedings{DMYD06,
  title    = {Session Types for Object-Oriented Languages},
  author   = {Mariangiola Dezani-Ciancaglini and Dimitris Mostrous and
              Nobuko Yoshida and Sophia Drossopoulou},
  booktitle_ = {Proceedings of the 20th European Conference on
              Object-Oriented Programming (ECOOP)},
  booktitle = {ECOOP},
  series_   = {Lecture Notes in Computer Science},
  series   = {LNCS},
  volume   = {4067},
  pages    = {328--352},
  year     = {2006},
  publisher= {Springer},
  address_  = {Heidelberg, Germany},
}


@inproceedings{CHY07, 
  author   = {Marco Carbone and Kohei Honda and Nobuko Yoshida},
  title    = {Structured Communication-Centred Programming for Web Services},
  booktitle= {Proc. of ESOP},
  volume   = {4421},
  pages    = {2--17},
  series   = {LNCS},
  year     = {2007},
  publisher= {Springer},
  address  = {Heidelberg, Germany},
}


@inproceedings{HVK98,
  author    = {Kohei Honda and
               Vasco Thudichum Vasconcelos and
               Makoto Kubo},
  title     = {Language Primitives and Type Discipline for Structured Communication-Based
               Programming},
  booktitle = {ESOP},
  pages     = {122--138},
  series    = {LNCS},
  volume    = {1381},
  publisher = {Springer},
  year      = {1998},
  OPTurl    = {http://dx.doi.org/10.1007/BFb0053567},
  doi       = {10.1007/BFb0053567},
  timestamp = {Sun, 20 Sep 2009 17:24:17 +0200},
  biburl    = {http://dblp.uni-trier.de/rec/bib/conf/esop/HondaVK98},
  bibsource = {dblp computer science bibliography, http://dblp.org}
}

@inproceedings{H93,
  author    = {Kohei Honda},
  title     = {Types for Dyadic Interaction},
  booktitle = {CONCUR},
  pages     = {509--523},
  series    = {LNCS},
  volume    = {715},
  publisher = {Springer},
  year      = {1993},
  url       = {https://doi.org/10.1007/3-540-57208-2_35},
  doi       = {10.1007/3-540-57208-2_35},
  timestamp = {Sat, 20 May 2017 15:32:53 +0200},
  biburl    = {http://dblp.uni-trier.de/rec/bib/conf/concur/Honda93},
  bibsource = {dblp computer science bibliography, http://dblp.org}
}

@inproceedings{VRG04,
  author    = {Vasco Vasconcelos and Ant{\'o}nio Ravara and Simon J. Gay},
  title     = {Session Types for Functional Multithreading},
  booktitle = {Proc. of the 15th International Conference on Concurrency Theory (CONCUR'04)},
  year      = {2004},
  volume    = 3170,
  pages     = {497--511},
  series    = {LNCS},
  publisher = {springer},
  address   = {Heidelberg, Germany},
}


@article{GH05,
  author  = {Simon Gay and Malcolm Hole},
  title   = {Subtyping for Session Types in the Pi Calculus},
  journal = {Acta Informatica},
  volume  = {42},
  number  = {2-3},
  pages   = {191--225},
  month   = {nov},
  year    = {2005}
}


@article{G08,
  author    = {Simon J. Gay},
  title     = {Bounded polymorphism in session types},
  journal   = {Mathematical Structures in Computer Science},
  volume    = {18},
  number    = {5},
  year      = {2008},
  pages     = {895-930},
  ee        = {http://dx.doi.org/10.1017/S0960129508006944},
  bibsource = {DBLP, http://dblp.uni-trier.de}
}



@inproceedings{V94,
  author    = {Vasco Vasconcelos},
  title     = {Typed Concurrent Objects},
  booktitle = {Proc. of ECOOP'94},
  series    = {LNCS},
  volume    = {821},
  pages     = {100--117},
  publisher = {springer},
  address   = {Heidelberg, Germany},
  month     = {jul},
  year      = {1994},
}


@inproceedings{W12,
  author    = {Philip Wadler},
  title     = {Propositions as sessions},
  booktitle_ = {Proceedings of the 17th ACM SIGPLAN International Conference on Functional Programming (ICFP)},
  booktitle = {ICFP},
  publisher = {ACM},
  year      = {2012},
  pages     = {273--286},
  bibsource = {DBLP, http://dblp.uni-trier.de}
}



@inproceedings{CP10,
  author    = {Lu\'{\i}s Caires and
               Frank Pfenning},
  title     = {Session Types as Intuitionistic Linear Propositions},
  booktitle_ = {Proceedings of the 21st International Conference on Concurrency Theory (CONCUR)},
  booktitle = {CONCUR},
  series_ = {Lecture Notes in Computer Science},
  series = {LNCS},
  publisher = {Springer},
  volume = {6269},
  year      = {2010},
  pages     = {222--236},
  bibsource = {DBLP, http://dblp.uni-trier.de}
}


@inproceedings{TCP12,
  author    = {Bernardo Toninho and
               Lu\'{\i}s Caires and
               Frank Pfenning},
  title     = {Functions as Session-Typed Processes},
  booktitle = {FoSSaCS'12},
  year      = {2012},
  pages     = {346-360},
  ee        = {http://dx.doi.org/10.1007/978-3-642-28729-9_23}
}


@inproceedings{PCPT12,
  author    = {Jorge A. P{\'e}rez and
               Lu\'{\i}s Caires and
               Frank Pfenning and
               Bernardo Toninho},
  title     = {Linear Logical Relations for Session-Based Concurrency},
  booktitle = {ESOP'12},
  year      = {2012},
  pages     = {539-558},
  ee        = {http://dx.doi.org/10.1007/978-3-642-28869-2_27}
}


@inproceedings{CPPT13,
  author    = {Lu\'{\i}s Caires and
               Jorge A. P{\'e}rez and
               Frank Pfenning and
               Bernardo Toninho},
  title     = {Behavioral Polymorphism and Parametricity in Session-Based
               Communication},
  booktitle = {ESOP},
  year      = {2013},
  pages     = {330-349},
  ee        = {http://dx.doi.org/10.1007/978-3-642-37036-6_19},
  bibsource = {DBLP, http://dblp.uni-trier.de}
}

@article{VVR06,
  author    = {Antonio Vallecillo and
               Vasco Thudichum Vasconcelos and
               Ant{\'o}nio Ravara},
  title     = {Typing the Behavior of Software Components using Session
               Types},
  journal   = {Fundam. Inform.},
  volume    = {73},
  number    = {4},
  year      = {2006},
  pages     = {583-598},
  ee        = {http://iospress.metapress.com/content/82bf1qafeel5g8n4/},
  bibsource = {DBLP, http://dblp.uni-trier.de}
}


@article{GV10,
  author    = {Simon J. Gay and
               Vasco T. Vasconcelos},
  title     = {Linear type theory for asynchronous session types},
  journal   = {Journal of Functional Programming},
  volume    = {20},
  number    = {1},
  year      = {2010},
  pages     = {19--50},
  ee        = {http://dx.doi.org/10.1017/S0956796809990268},
  bibsource = {DBLP, http://dblp.uni-trier.de}
}


@inproceedings{GGR08,
  author = {Simon J. Gay and Nils Gesbert and Ant\'onio Ravara},
  title = {Session types as generic process types},
  booktitle = {PLACES'08},
  year = {2008}
}


@article{GGRV12,
  author    = {Simon J. Gay and
               Nils Gesbert and
               Ant{\'o}nio Ravara and
               Vasco Thudichum Vasconcelos},
  title     = {Modular Session Types for Objects},
  journal   = {CoRR},
  volume    = {abs/1205.5344},
  year      = {2012},
  ee        = {http://arxiv.org/abs/1205.5344},
  bibsource = {DBLP, http://dblp.uni-trier.de}
}


@article{VGR06,
  author    = {Vasco Thudichum Vasconcelos and
               Simon J. Gay and
               Ant{\'o}nio Ravara},
  title     = {Type checking a multithreaded functional language with session
               types},
  journal   = {Theor. Comput. Sci.},
  volume    = {368},
  number    = {1-2},
  year      = {2006},
  pages     = {64-87},
  ee        = {http://dx.doi.org/10.1016/j.tcs.2006.06.028},
  bibsource = {DBLP, http://dblp.uni-trier.de}
}


@inproceedings{PS93,
  author    = {Benjamin C. Pierce and
               Davide Sangiorgi},
  title     = {Typing and Subtyping for Mobile Processes},
  booktitle = {LICS'93},
  year      = {1993},
  pages     = {376-385}
}


@inproceedings{KPT96,
  author   = {Naoki Kobayashi and Benjamin Pierce and David Turner}, 
  title    = {Linear Types and $\pi$-calculus}, 
  booktitle= {POPL},
  pages    = {358-371}, 
  volume   = {21(5)},
  publisher= {ACM Press},
  address  = {New York, NY, USA},
  year     = {1996}
}


@article{IK04,
  author    = {Atsushi Igarashi and
               Naoki Kobayashi},
  title     = {A generic type system for the Pi-calculus},
  journal   = {Theor. Comput. Sci.},
  volume    = {311},
  number    = {1-3},
  year      = {2004},
  pages     = {121-163},
  ee        = {http://dx.doi.org/10.1016/S0304-3975(03)00325-6},
  bibsource = {DBLP, http://dblp.uni-trier.de}
}


@book{Pierce02,
  author    = {Benjamin C. Pierce},
  title     = {Types and programming languages},
  publisher = {MIT Press},
  isbn      = {978-0-262-16209-8},
  pages     = {I-XXI, 1-623},
  address   = {MA, USA},
  year      = {2002},
}


@book{Milner99,
  author    = {Robin Milner},
  title     = {Communicating and Mobile Systems: the $\pi$-Calculus},
  publisher = {Cambridge University Press},
  ISBN      = {0 521 64320 1 (hc), 0 521 65869 1 (pbk)},
  month     = {may},
  year      = {1999},
}


@book{Milner89,
  author    = {Robin Milner},
  title     = {Communication and Concurrency},
  publisher = {Prentice Hall},
  year      = {1989},
}


@book{Milner80,
  author    = {Robin Milner},
  title     = {A Calculus of Communicating Systems},
  publisher = {Springer},
  series    = lncs,
  volume    = {92},
  year      = {1980},
  isbn      = {3-540-10235-3},
  ee        = {http://dx.doi.org/10.1007/3-540-10235-3},
  bibsource = {DBLP, http://dblp.uni-trier.de}
}


@book{Sangio01,
  author    = {Davide Sangiorgi and David Walker},
  title     = {The $\pi$-calculus: a Theory of Mobile Processes},
  publisher = {Cambridge University Press},
  year      = {2001},
}


@book{Winskel93,
  author    = {Glynn Winskel},
  title     = {The Formal Semantics of Programming Languages: An Introduction},
  publisher = {The MIT Press},
  year      = {1993}
}


@book{Barendregt84,
 author    = {Henk Barendregt},
 title     = {The Lambda Calculus: Its Syntax and Semantics},
 edition   = {2nd},
 publisher = {North Holland},
 year      = {1984}
}


@incollection{MGZ14,
  author    = {Fabrizio Montesi and
               Claudio Guidi and
               Gianluigi Zavattaro},
  title     = {Service-Oriented Programming with Jolie},
  booktitle = {Web Services Foundations},
  year      = {2014},
  pages     = {81-107},
  ee        = {http://dx.doi.org/10.1007/978-1-4614-7518-7_4},
  bibsource = {DBLP, http://dblp.uni-trier.de}
}


@book{OSGi03,
 author    = "OSGi Alliance",
 title     = "Osgi Service Platform, Release 3",
 year      = "2003",
 publisher = {IOS Press, Inc.},
}


@book{Szyperski02,
 author    = {Clemens Szyperski},
 title     = {Component Software, 2nd edition},
 publisher = {Addison-Wesley},
 year      = 2002
}


@book{Agha86,
 author    = {Agha, Gul},
 title     = {Actors: a model of concurrent computation in distributed systems},
 year      = {1986},
 isbn      = {0-262-01092-5},
 publisher = {MIT Press},
 address   = {Cambridge, MA, USA}
} 


@book{Andrews00,
 author    = {Gregory R. Andrews},
 title     = {Foundations of Multithreaded, Parallel, and Distributed Programming},
 year      = {2000},
 publisher = {Addison-Wesley}
} 


@misc{BPEL,
 author = {OASIS},
 title = {{W}eb {S}ervices {B}usiness {P}rocess {E}xecution {L}anguage},
 howpublished ={\url{http://docs.oasis-open.org/wsbpel/2.0/wsbpel-v2.0.html}}
}


@misc{JSR,
 author = {Sun Microsystems},
 title  = {{JSR} 220: Enterprise JavaBeans, Version 3.0 – EJB Core Contracts and Requirements},
 year   = 2006
}


@inproceedings{CPN98,
  author    = {David G. Clarke and
               John Potter and
               James Noble},
  title     = {Ownership Types for Flexible Alias Protection},
  booktitle = {OOPSLA},
  year      = {1998},
  pages     = {48-64},
  ee        = {http://doi.acm.org/10.1145/286936.286947},
  bibsource = {DBLP, http://dblp.uni-trier.de}
}


@inproceedings{BCJ07,
 author    = {Frank S. De Boer and Dave Clarke and Einar Broch Johnsen},
 title     = {A complete guide to the future},
 booktitle = {Proc. 16th European Symposium on Programming (ESOP’07), volume 4421 of LNCS},
 year      = {2007},
 pages     = {316--330},
 publisher = {Springer-Verlag}
}


@article{CHS04,
 author    = {Caromel, Denis and Henrio, Ludovic and Serpette, Bernard Paul},
 title     = {Asynchronous and deterministic objects},
 journal   = {SIGPLAN Not.},
 volume    = {39},
 number    = {1},
 year      = {2004},
 pages     = {123--134},
 numpages  = {12},
 url       = {http://doi.acm.org/10.1145/982962.964012},
 publisher = {ACM},
 address   = {New York, NY, USA},
} 


@misc{HLWCH92,
 author       = {John Hogg and Doug Lea and Alan Wills and Dennis de Champeaux and Richard Holt},
 title        = {The Geneva Convention -- On The Treatment of Object Aliasing},
 howpublished = {OOPS Messenger},
 year         = {1992}
}


@article{HO08,
   author      = {Haller, Philipp and Odersky, Martin},
   documenturl = {http://infoscience.epfl.ch/record/128406/files/haller_tcs2008_accepted.pdf},
   journal     = {Theoretical {C}omputer {S}cience},
   title       = {Scala actors: {U}nifying thread-based and event-based programming},
   url         = {http://www.sciencedirect.com/science/article/B6V1G-4TG9J07-4/2/6d025aa3d5748c89ad1e3dc1c1400bc3},
   year        = 2008
}


@inproceedings{LLBSZWSP10,
 author     = {Lienhardt, Micha\"{e}l and Lanese, Ivan and 
             Bravetti, Mario and Sangiorgi, Davide and 
             Zavattaro, Gianluigi and 
             Welsch, Yannick and 
             Sch\"{a}fer, Jan and Poetzsch-Heffter, Arnd},
 title      = {A component model for the ABS language},
 booktitle  = {Proceedings of the 9th international conference on 
               Formal Methods for Components and Objects},
 series     = {FMCO},
 year       = {2011},
 pages      = {165--183},
 numpages   = {19},
 url        = {http://dx.doi.org/10.1007/978-3-642-25271-6_9},
 publisher  = {Springer-Verlag},
 address    = {Berlin, Heidelberg},
} 


@article{JO07,
  author    = {Einar Broch Johnsen and
               Olaf Owe},
  title     = {An Asynchronous Communication Model for Distributed Concurrent
               Objects},
  journal   = {Software and System Modeling},
  volume    = {6},
  number    = {1},
  year      = {2007},
  pages     = {39-58},
  ee        = {http://dx.doi.org/10.1007/s10270-006-0011-2},
  bibsource = {DBLP, http://dblp.uni-trier.de}
}


@inproceedings{WJH05,
  author    = {Adam Welc and
               Suresh Jagannathan and
               Antony L. Hosking},
  title     = {Safe futures for Java},
  booktitle = {OOPSLA},
  year      = {2005},
  pages     = {439-453},
  ee        = {http://doi.acm.org/10.1145/1094811.1094845},
  bibsource = {DBLP, http://dblp.uni-trier.de}
}


@article{JOY06,
  author    = {Einar Broch Johnsen and
               Olaf Owe and
               Ingrid Chieh Yu},
  title     = {Creol: A type-safe object-oriented model for distributed
               concurrent systems},
  journal   = {Theor. Comput. Sci.},
  volume    = {365},
  number    = {1-2},
  year      = {2006},
  pages     = {23-66},
  ee        = {http://dx.doi.org/10.1016/j.tcs.2006.07.031},
  bibsource = {DBLP, http://dblp.uni-trier.de}
}


@inproceedings{SP10,
 author    = {Sch\"{a}fer, Jan and Poetzsch-Heffter, Arnd},
 title     = {JCoBox: generalizing active objects to concurrent components},
 booktitle = {Proceedings of the 24th European conference on Object-oriented programming},
 series    = {ECOOP},
 year      = {2010},
 pages     = {275--299},
 numpages  = {25},
 url       = {http://dl.acm.org/citation.cfm?id=1883978.1883996},
 publisher = {Springer-Verlag},
 address   = {Berlin, Heidelberg},
} 


@article{AD12,
 author    = {Ahrendt, Wolfgang and Dylla, Maximilian},
 title     = {A system for compositional verification of asynchronous objects},
 journal   = {Sci. Comput. Program.},
 volume    = {77},
 number    = {12},
 year      = {2012},
 pages     = {1289--1309},
 numpages  = {21},
 url       = {http://dx.doi.org/10.1016/j.scico.2010.08.003},
 publisher = {Elsevier North-Holland, Inc.},
 address   = {Amsterdam, The Netherlands, The Netherlands},
}


@inproceedings{BF96,
  author    = {Paolo Di Blasio and
               Kathleen Fisher},
  title     = {A Calculus for Concurrent Objects},
  booktitle = {CONCUR},
  year      = {1996},
  pages     = {655-670},
  ee        = {http://dx.doi.org/10.1007/3-540-61604-7_82},
  bibsource = {DBLP, http://dblp.uni-trier.de}
}


@article{H74,
 author    = {Hoare, C. A. R.},
 title     = {Monitors: an operating system structuring concept},
 journal   = {Commun. ACM},
 volume    = {17},
 number    = {10},
 year      = {1974},
 pages     = {549--557},
 numpages  = {9},
 url       = {http://doi.acm.org/10.1145/355620.361161},
 publisher = {ACM},
 address   = {New York, NY, USA},
}

@book{Hoare85,
title = {Communicating Sequential Processes},
author = {Hoare, C. A. R.},
publisher = {Prentice Hall International},
year = {1985}
}


@inproceedings{LG88,
 author     = {Lucassen, J. M. and Gifford, D. K.},
 title      = {Polymorphic effect systems},
 booktitle  = {Proceedings of the 15th ACM SIGPLAN-SIGACT
              symposium on Principles of programming languages},
 series     = {POPL},
 year       = {1988},
 pages      = {47--57},
 numpages   = {11},
 url        = {http://doi.acm.org/10.1145/73560.73564},
 publisher  = {ACM},
 address    = {New York, NY, USA},
}


@article{KMCJK00,
 author    = {Kohler, Eddie and Morris, Robert and Chen, 
              Benjie and Jannotti, John and Kaashoek, M. Frans},
 title     = {The click modular router},
 journal   = {ACM Trans. Comput. Syst.},
 volume    = {18},
 number    = {3},
 year      = {2000},
 pages     = {263--297},
 numpages  = {35},
 url       = {http://doi.acm.org/10.1145/354871.354874},
 publisher = {ACM},
 address   = {New York, NY, USA},
} 


@article{CGG02,
 author  = "Luca Cardelli and Giorgio Ghelli and Andrew D. Gordon",
 title   = "Types for the Ambient Calculus ",
 journal = "Information and Computation ",
 volume  = "177",
 number  = "2",
 pages   = "160 - 194",
 year    = "2002",
 url     = "http://www.sciencedirect.com/science/article/pii/S0890540101931219",
}


@article{CG00,
  author    = {Luca Cardelli and
               Andrew D. Gordon},
  title     = {Mobile ambients},
  journal   = {Theor. Comput. Sci.},
  volume    = {240},
  number    = {1},
  year      = {2000},
  pages     = {177-213},
  ee        = {http://dx.doi.org/10.1016/S0304-3975(99)00231-5},
  bibsource = {DBLP, http://dblp.uni-trier.de}
}


@article{WF94,
  author    = {Andrew K. Wright and
               Matthias Felleisen},
  title     = {A Syntactic Approach to Type Soundness},
  journal   = {Inf. Comput.},
  volume    = {115},
  number    = {1},
  year      = {1994},
  pages     = {38-94},
  ee        = {http://dx.doi.org/10.1006/inco.1994.1093},
}


@inproceedings{WS11,
  author    = {Yannick Welsch and
               Jan Sch{\"a}fer},
  title     = {Location Types for Safe Distributed Object-Oriented Programming},
  booktitle = {TOOLS (49)},
  year      = {2011},
  pages     = {194-210},
  ee        = {http://dx.doi.org/10.1007/978-3-642-21952-8_15},
  bibsource = {DBLP, http://dblp.uni-trier.de}
}


@inproceedings{GGLLW11,
  author    = {Elena Giachino and
               Carlo A. Grazia and
               Cosimo Laneve and
               Michael Lienhardt and
               Peter Y. H. Wong},
  title     = {Deadlock Analysis of Concurrent Objects: Theory and Practice},
  booktitle = {IFM},
  year      = {2013},
  pages     = {394-411},
  ee        = {http://dx.doi.org/10.1007/978-3-642-38613-8_27},
  bibsource = {DBLP, http://dblp.uni-trier.de}
}


@unpublished{GL12,
  author = {Elena Giachino and Tudor A. Lascu},
  title  = {{Lock Analysis for an Asynchronous Object Calculus}},
  note   = {Presented at {\em ICTCS}. Available at  \url{http://www.cs.unibo.it/~giachino/}},
  year   = {2012}
}


@inproceedings{LBS12,
  author    = {Michael Lienhardt and
               Mario Bravetti and
               Davide Sangiorgi},
  title     = {An Object Group-Based Component Model},
  booktitle = {ISoLA (1)},
  year      = {2012},
  pages     = {64-78},
  ee        = {http://dx.doi.org/10.1007/978-3-642-34026-0_6},
  bibsource = {DBLP, http://dblp.uni-trier.de}
}


@incollection {JHSSS10,
   author   = {Johnsen, Einar and H\"{a}hnle, Reiner and Sch\"{a}fer, Jan and Schlatte, Rudolf and Steffen, Martin},
   title    = {ABS: A Core Language for Abstract Behavioral Specification},
   booktitle= {FMCO'10},
   series   = lncs,
   publisher= springer,
   pages    = {142-164},
   volume   = {6957},
   year     = {2012}
}


@inproceedings{AMG12,
  author    = {Elvira Albert and
               Antonio Flores-Montoya and
               Samir Genaim},
  title     = {Analysis of May-Happen-in-Parallel in Concurrent Objects},
  booktitle = {FMOODS/FORTE},
  year      = {2012},
  pages     = {35-51},
  ee        = {http://dx.doi.org/10.1007/978-3-642-30793-5_3},
  bibsource = {DBLP, http://dblp.uni-trier.de}
}


@article{BCLQS06,
  author    = {Eric Bruneton and Thierry Coupaye and Matthieu Leclercq and Vivien Quema 
              and Jean-Bernard Stefani},
  title     = {The Fractal Component Model and its Support in Java},
  journal   = {Software - Practice and Experience},
  volume    = 36,
  number    = {11-12},
  year      = 2006,
}


@article{BHSC98,
  author    = {Nina T. Bhatti and
               Matti A. Hiltunen and
               Richard D. Schlichting and
               Wanda Chiu},
  title     = {Coyote: A System for Constructing Fine-Grain Configurable
               Communication Services},
  journal   = {ACM Trans. Comput. Syst.},
  volume    = {16},
  number    = {4},
  year      = {1998},
}


@inproceedings{CBGJLU04,
    author    = {Geoff Coulson and Gordon Blair and Paul Grace and Ackbar Joolia and Kevin Lee and Jo Ueyama},
    title     = {A Component Model for Building Systems Software},
    booktitle = {In Proc. IASTED Software Engineering and Applications (SEA’04)},
    year      = {2004}
}


@inproceedings{BJC05,
 author    = {Batista, Thais and Joolia, Ackbar and Coulson, Geoff},
 title     = {Managing dynamic reconfiguration in component-based systems},
 booktitle = {Proceedings of the 2nd European conference on Software Architecture},
 series    = {EWSA'05},
 year      = {2005},
 pages     = {1--17},
 numpages  = {17},
 url       = {http://dx.doi.org/10.1007/11494713_1},
 publisher = {Springer-Verlag},
 address   = {Berlin, Heidelberg},
} 


@inproceedings{LSS07,
 author    = {Lienhardt, Michael and Schmitt, Alan and Stefani, Jean-Bernard},
 title     = {Oz/K: a kernel language for component-based open programming},
 booktitle = {Proceedings of the 6th international conference 
              on Generative programming and component engineering},
 series    = {GPCE '07},
 year      = {2007},
 pages     = {43--52},
 numpages  = {10},
 url       = {http://doi.acm.org/10.1145/1289971.1289980},
 publisher = {ACM},
 address   = {New York, NY, USA},
} 


@article{CVZ05,
 author     = {Castagna, G. and Vitek, J. and Zappa Nardelli, F.},
 title      = {The Seal Calculus},
 journal    = {Inf. Comput.},
 volume     = {201},
 number     = {1},
 year       = {2005},
 pages      = {1--54},
 numpages   = {54},
 url        = {http://dx.doi.org/10.1016/j.ic.2004.11.005},
 publisher  = {Academic Press, Inc.},
 address    = {Duluth, MN, USA},
} 



@article{IPW01,
 author     = {Igarashi, Atsushi and Pierce, Benjamin C. and Wadler, Philip},
 title      = {Featherweight Java: a minimal core calculus for Java and GJ},
 journal    = {ACM Trans. Program. Lang. Syst.},
 volume     = {23},
 number     = {3},
 year       = {2001},
 pages      = {396--450},
 numpages   = {55},
 publisher  = {ACM}
} 



@article{GM08,
 author = {Gil, Joseph and Maman, Itay},
 title = {Whiteoak: introducing structural typing into java},
 journal = {SIGPLAN Not.},
 issue_date = {September 2008},
 volume = {43},
 number = {10},
 year = {2008},
 pages = {73--90},
 publisher = {ACM},
 address = {New York, NY, USA},
} 


@inproceedings{MA08,
  author    = {Donna Malayeri and
               Jonathan Aldrich},
  title     = {Integrating Nominal and Structural Subtyping},
  booktitle = {ECOOP},
  year      = {2008},
  pages     = {260-284}
}


@inproceedings{MA09,
  author    = {Donna Malayeri and
               Jonathan Aldrich},
  title     = {Is Structural Subtyping Useful? An Empirical Study},
  booktitle = {ESOP},
  year      = {2009},
  pages     = {95-111}
}


@article{O08,
  author    = {Klaus Ostermann},
  title     = {Nominal and Structural Subtyping in Component-Based Programming},
  journal   = {Journal of Object Technology},
  volume    = {7},
  number    = {1},
  year      = {2008},
  pages     = {121-145}
}


@inproceedings{FFF04,
  author    = {Robert Bruce Findler and
               Matthew Flatt and
               Matthias Felleisen},
  title     = {Semantic Casts: Contracts and Structural Subtyping in a
               Nominal World},
  booktitle = {ECOOP},
  year      = {2004},
  pages     = {364-388}
}


@inproceedings{MPR01,
  author    = {Hugo Miranda and
               Alexandre S. Pinto and
               Luis Rodrigues},
  title     = {Appia: A Flexible Protocol Kernel Supporting Multiple Coordinated
               Channels},
  booktitle = {21st International Conference on Distributed Computing Systems (ICDCS 2001)},
  publisher = {IEEE Computer Society},
  year      = {2001},
}


@article{LQS05,
   author = {Matthieu Leclercq and Vivien Quema and Jean-Bernard Stefani},
   title  = {DREAM: a Component Framework for the Construction of Resource-Aware, Configurable MOMs},
   journal= {IEEE Distributed Systems Online},
   volume = {6},
   number = {9},
   year   = 2005,
}


@misc{WiredNews,
  author      = {Wired News},
  title       = {History's Worst Software Bugs},
  year        = 2005,
  publisher   = {WIRED Magazine},
  note         = "\url{http://www.wired.com/software/coolapps/news/2005/11/69355}"
}


@misc{FocusInria,
  author  = {Focus Inria},
  title   = {Overall Objectives},
  note    = "\url{http://raweb.inria.fr/rapportsactivite/RA2012/focus/uid3.html}"
}

@article{Girard87,
  author    = {Jean{-}Yves Girard},
  title     = {Linear Logic},
  journal   = {Theoretical Computer Science},
  volume    = {50},
  pages     = {1--102},
  year      = {1987},
  _url       = {http://dx.doi.org/10.1016/0304-3975(87)90045-4},
  _doi       = {10.1016/0304-3975(87)90045-4},
  timestamp = {Wed, 07 Sep 2011 12:13:20 +0200},
  biburl    = {http://dblp.uni-trier.de/rec/bib/journals/tcs/Girard87},
  bibsource = {dblp computer science bibliography, http://dblp.org}
}

@inproceedings{AbramskyGN96,
  author    = {Samson Abramsky and
               Simon J. Gay and
               Rajagopal Nagarajan},
  title     = {Interaction categories and the foundations of typed concurrent programming},
  booktitle = {Proceedings of the {NATO} Advanced Study Institute on Deductive Program
               Design},
  editor    = {Manfred Broy},
  pages     = {35--113},
  year      = {1996},
  _crossref  = {DBLP:conf/nato/1996},
  timestamp = {Tue, 14 Nov 2006 16:17:55 +0100},
  biburl    = {http://dblp.uni-trier.de/rec/bib/conf/nato/AbramskyGN96},
  bibsource = {dblp computer science bibliography, http://dblp.org}
}

@inproceedings{AbramskyGN97,
  author    = {Samson Abramsky and
               Simon J. Gay and
               Rajagopal Nagarajan},
  title     = {A Type-Theoretic Approach to Deadlock-Freedom of Asynchronous Systems},
  booktitle_ = {Proceedings of the 3rd International Symposium on Theoretical Aspects of Computer Software (TACS)},
booktitle   = {TACS},
  pages     = {295--320},
  volume    = {1281},
  series_    = {Lecture Notes in Computer Science},
  series    = {LNCS},
  publisher = {Springer},
  year      = {1997},
  crossref_  = {DBLP:conf/tacs/1997},
  url       = {https://doi.org/10.1007/BFb0014557},
  doi       = {10.1007/BFb0014557},
  timestamp = {Mon, 05 Jun 2017 12:41:21 +0200},
  biburl    = {http://dblp.uni-trier.de/rec/bib/conf/tacs/AbramskyGN97},
  bibsource = {dblp computer science bibliography, http://dblp.org}
}

@article{AbramskyGN99,
  author    = {Samson Abramsky and
               Simon J. Gay and
               Rajagopal Nagarajan},
  title     = {A Specification Structure for Deadlock-Freedom of Synchronous Processes},
  journal   = {Theoretical Computer Science},
  volume    = {222},
  number    = {1--2},
  pages     = {1--53},
  year      = {1999},
  url       = {https://doi.org/10.1016/S0304-3975(98)00189-3},
  doi       = {10.1016/S0304-3975(98)00189-3},
  timestamp = {Thu, 08 Jun 2017 09:02:36 +0200},
  biburl    = {http://dblp.uni-trier.de/rec/bib/journals/tcs/AbramskyGN99},
  bibsource = {dblp computer science bibliography, http://dblp.org}
}

@article{Abramsky94,
  author    = {Samson Abramsky},
  title     = {Proofs as Processes},
  journal   = {Theoretical Computer Science},
  volume    = {135},
  number    = {1},
  pages     = {5--9},
  year      = {1994},
  _url       = {http://dx.doi.org/10.1016/0304-3975(94)00103-0},
  _doi       = {10.1016/0304-3975(94)00103-0},
  timestamp = {Wed, 07 Sep 2011 12:13:22 +0200},
  biburl    = {http://dblp.uni-trier.de/rec/bib/journals/tcs/Abramsky94},
  bibsource = {dblp computer science bibliography, http://dblp.org}
}

@article{BellinS94,
  author    = {Gianluigi Bellin and
               Philip J. Scott},
  title     = {On the pi-Calculus and Linear Logic},
  journal   = {Theoretical Computer Science},
  volume    = {135},
  number    = {1},
  pages     = {11--65},
  year      = {1994},
  _url       = {http://dx.doi.org/10.1016/0304-3975(94)00104-9},
  _doi       = {10.1016/0304-3975(94)00104-9},
  timestamp = {Wed, 07 Sep 2011 12:13:20 +0200},
  biburl    = {http://dblp.uni-trier.de/rec/bib/journals/tcs/BellinS94},
  bibsource = {dblp computer science bibliography, http://dblp.org}
}

@techreport{Barber96,
author = {Andrew Barber},
title = {Dual Intuitionistic Linear Logic},
number = {ECS-LFCS-96-347}, 
institution = {University of Edinburgh},
note = {\url{www.lfcs.inf.ed.ac.uk/reports/96/ECS-LFCS-96-347}}, 
year = {1996}
}

@article{GayN03,
  author    = {Simon J. Gay and
               Rajagopal Nagarajan},
  title     = {Intensional and Extensional Semantics of Dataflow Programs},
  journal   = {Formal Aspects of Computing},
  volume    = {15},
  number    = {4},
  pages     = {299--318},
  year      = {2003},
  url       = {https://doi.org/10.1007/s00165-003-0018-1},
  doi       = {10.1007/s00165-003-0018-1},
  timestamp = {Wed, 17 May 2017 14:25:33 +0200},
  biburl    = {http://dblp.uni-trier.de/rec/bib/journals/fac/GayN03},
  bibsource = {dblp computer science bibliography, http://dblp.org}
}

@inproceedings{Wadge79,
  author    = {William W. Wadge},
  title     = {An Extensional Treatment of Dataflow Deadlock},
  booktitle = {Proceedings of the International
               Symposium on Semantics of Concurrent Computation},
  pages     = {285--299},
  year      = {1979},
  crossref_  = {DBLP:conf/scc/1979},
  url       = {https://doi.org/10.1007/BFb0022475},
  doi       = {10.1007/BFb0022475},
  timestamp = {Fri, 19 May 2017 12:26:19 +0200},
  biburl    = {http://dblp.uni-trier.de/rec/bib/conf/scc/Wadge79},
  bibsource = {dblp computer science bibliography, http://dblp.org}
}

@techreport{Brauner96,
author = {Torben Br\"{a}uner},
title = {Introduction to Linear Logic},
institution = {Basic Research Institute in Computer Science, University of Aarhus},
number = {BRICS LS-96-6},
year = {1996}
}

@article{BalzerP17,
  author    = {Stephanie Balzer and
               Frank Pfenning},
  title     = {Manifest sharing with session types},
  journal   = {Proceedings of the ACM on Programming Languages},
  volume    = {1},
  number    = {{ICFP}},
  pages     = {37:1--37:29},
  year      = {2017},
  url       = {http://doi.acm.org/10.1145/3110281},
  doi       = {10.1145/3110281},
  timestamp = {Tue, 12 Sep 2017 16:16:51 +0200},
  biburl    = {http://dblp.uni-trier.de/rec/bib/journals/pacmpl/BalzerP17},
  bibsource = {dblp computer science bibliography, http://dblp.org}
}

@inproceedings{AtkeyLM16,
  author    = {Robert Atkey and
               Sam Lindley and
               J. Garrett Morris},
  title     = {Conflation Confers Concurrency},
  booktitle = {A List of Successes That Can Change the World---Essays Dedicated to
               Philip Wadler on the Occasion of His 60th Birthday},
  pages     = {32--55},
  series    = {LNCS},
  volume    = {9600},
  publisher = {Springer},
  year      = {2016},
  _crossref  = {DBLP:conf/birthday/2016wadler},
  url       = {https://doi.org/10.1007/978-3-319-30936-1_2},
  doi       = {10.1007/978-3-319-30936-1_2},
  timestamp = {Thu, 15 Jun 2017 21:34:40 +0200},
  biburl    = {http://dblp.uni-trier.de/rec/bib/conf/birthday/AtkeyLM16},
  bibsource = {dblp computer science bibliography, http://dblp.org}
}

@inproceedings{dardha2018,
  author    = {Ornela Dardha and
               Simon J. Gay},
  title     = {A New Linear Logic for Deadlock-Free Session-Typed Processes},
  booktitle = {Proceedings of the 21st International Conference on Foundations of Software Science and Computation Structures (FOSSACS)},
  series_   = {Lecture Notes in Computer Science},
  series    = {LNCS}, 
  volume    = {10803},
  pages     = {91--109},
  publisher = {Springer},
  year      = {2018},
  doi       = {10.1007/978-3-319-89366-2\_5},
  timestamp = {Fri, 31 Jan 2020 21:32:20 +0100},
  biburl    = {https://dblp.org/rec/conf/fossacs/DardhaG18.bib},
  bibsource = {dblp computer science bibliography, https://dblp.org}
}
@inproceedings{wadler2012,
  author    = {Philip Wadler},
  title     = {Propositions as sessions},
  booktitle = {Proceedings of the 17th ACM SIGPLAN International Conference on Functional Programming (ICFP)},
  publisher = {ACM},
  year      = {2012},
  pages     = {273--286},
  bibsource = {DBLP, http://dblp.uni-trier.de}
}
@inproceedings{carbone2016,
  author    = {Marco Carbone and
               Sam Lindley and
               Fabrizio Montesi and
               Carsten Sch{\"{u}}rmann and
               Philip Wadler},
  title     = {Coherence Generalises Duality: A Logical Explanation of Multiparty
               Session Types},
  booktitle = {Proceedings of the 27th International Conference on Concurrency Theory (CONCUR)},
  pages     = {33:1--33:15},
  year      = {2016},
  series    = {LIPIcs},
  volume    = {59},
  publisher = {Schloss Dagstuhl---Leibniz-Zentrum f\"{u}r Informatik},
  doi       = {10.4230/LIPIcs.CONCUR.2016.33},
  timestamp = {Tue, 23 May 2017 01:11:19 +0200},
  biburl    = {http://dblp.uni-trier.de/rec/bib/conf/concur/CarboneLMSW16},
  bibsource = {dblp computer science bibliography, http://dblp.org}
}
@inproceedings{caires2017,
  author    = {Lu{\'{\i}}s Caires and
               Jorge A. P{\'{e}}rez},
  title     = {Linearity, Control Effects, and Behavioral Types},
  booktitle = {Proceedings of the 26th European Symposium on Programming (ESOP)},
  pages     = {229--259},
  year      = {2017},
  series_   = {Lecture Notes in Computer Science},
  series    = {LNCS},
  volume    = {10201},
  publisher = {Springer},
  doi       = {10.1007/978-3-662-54434-1\_9},
  timestamp = {Fri, 19 May 2017 01:25:18 +0200},
  biburl    = {http://dblp.uni-trier.de/rec/bib/conf/esop/CairesP17},
  bibsource = {dblp computer science bibliography, http://dblp.org}
}
@inproceedings{padovani2015,
  author    = {Padovani, Luca and Novara, Luca},
  title     = {{Types for Deadlock-Free Higher-Order Programs}},
  booktitle = {Proceedings of the IFIP International Conference on Formal Methods and Techniques (FORTE)},
  year      = {2015},
  series    = {LNCS},
  volume    = {9039},
  pages     = {3-18},
  publisher = {Springer},
  doi       = {10.1007/978-3-319-19195-9\_1}
}

@inproceedings{kobayashi2006,
  author    = {Naoki Kobayashi},
  title     = {A New Type System for Deadlock-Free Processes},
  booktitle = {Proceedings of the 17th International Conference on Concurrency,
               {CONCUR}},
  series    = {Lecture Notes in Computer Science},
  volume    = {4137},
  pages     = {233--247},
  publisher = {Springer},
  year      = {2006},
  doi       = {10.1007/11817949\_16},
  timestamp = {Sat, 19 Oct 2019 20:13:29 +0200},
  biburl    = {https://dblp.org/rec/conf/concur/Kobayashi06.bib},
  bibsource = {dblp computer science bibliography, https://dblp.org}
}

@inproceedings{padovani2014,
  author    = {Luca Padovani},
  title     = {Deadlock and lock freedom in the linear {\(\pi\)}-calculus},
  booktitle = {Proceeding of the 23rd Conference on Computer
               Science Logic {(CSL)} and the 29th {ACM/IEEE} Symposium
               on Logic in Computer Science (LICS), {CSL-LICS}},
  pages     = {72:1--72:10},
  publisher = {{ACM}},
  year      = {2014},
  doi       = {10.1145/2603088.2603116},
  timestamp = {Tue, 06 Nov 2018 11:07:36 +0100},
  biburl    = {https://dblp.org/rec/conf/csl/Padovani14.bib},
  bibsource = {dblp computer science bibliography, https://dblp.org}
}

@article{wadler15,
  author    = {Philip Wadler},
  title     = {Propositions as types},
  journal   = {Communications of the {ACM}},
  volume    = {58},
  number    = {12},
  pages     = {75--84},
  year      = {2015},
  _url       = {http://doi.acm.org/10.1145/2699407},
  _doi       = {10.1145/2699407},
  timestamp = {Mon, 28 Dec 2015 19:43:19 +0100},
  biburl    = {http://dblp.uni-trier.de/rec/bib/journals/cacm/Wadler15},
  bibsource = {dblp computer science bibliography, http://dblp.org}
}
















